
<record>
  <leader>01316cam a22002531  4500</leader>
  <controlfield tag="001">8969754</controlfield>
  <controlfield tag="005">20200102162031.0</controlfield>
  <controlfield tag="008">851003s1966    no            000 0 nor  </controlfield>
  <datafield tag="906" ind1=" " ind2=" ">
    <subfield code="a">0</subfield>
    <subfield code="b">cbc</subfield>
    <subfield code="c">premunv</subfield>
    <subfield code="d">u</subfield>
    <subfield code="e">ncip</subfield>
    <subfield code="f">19</subfield>
    <subfield code="g">y-gencatlg</subfield>
  </datafield>
  <datafield tag="955" ind1=" " ind2=" ">
    <subfield code="a">reclass ll37 2020-01-02</subfield>
  </datafield>
  <datafield tag="035" ind1=" " ind2=" ">
    <subfield code="9">(DLC)   70404276</subfield>
  </datafield>
  <datafield tag="010" ind1=" " ind2=" ">
    <subfield code="a">   70404276 </subfield>
  </datafield>
  <datafield tag="040" ind1=" " ind2=" ">
    <subfield code="a">DLC</subfield>
    <subfield code="c">CarP</subfield>
    <subfield code="d">DLC</subfield>
  </datafield>
  <datafield tag="043" ind1=" " ind2=" ">
    <subfield code="a">e-ic---</subfield>
    <subfield code="a">e-no---</subfield>
  </datafield>
  <datafield tag="050" ind1="0" ind2="0">
    <subfield code="a">KJC7114.A43</subfield>
    <subfield code="b">N67 1966</subfield>
  </datafield>
  <datafield tag="110" ind1="1" ind2=" ">
    <subfield code="a">Norway.</subfield>
    <subfield code="b">Finans- og tolldepartementet.</subfield>
    <subfield code="b">Skattelovavdelingen. </subfield>
  </datafield>
  <datafield tag="245" ind1="1" ind2="0">
    <subfield code="a">Skatteavtale mellom Norge og Island.</subfield>
  </datafield>
  <datafield tag="260" ind1=" " ind2=" ">
    <subfield code="a">[Oslo,</subfield>
    <subfield code="c">1966]</subfield>
  </datafield>
  <datafield tag="300" ind1=" " ind2=" ">
    <subfield code="a">62 p.</subfield>
    <subfield code="c">21 cm.</subfield>
  </datafield>
  <datafield tag="650" ind1=" " ind2="0">
    <subfield code="a">Double taxation</subfield>
    <subfield code="z">Norway.</subfield>
  </datafield>
  <datafield tag="650" ind1=" " ind2="0">
    <subfield code="a">Double taxation</subfield>
    <subfield code="z">Iceland</subfield>
    <subfield code="x">Treaties. </subfield>
  </datafield>
  <datafield tag="710" ind1="1" ind2="2">
    <subfield code="a">Norway.</subfield>
    <subfield code="k">Treaties etc.</subfield>
    <subfield code="t">Iceland, March 30, 1966. Overenskomst mellom Kongeriket Norge og Republikken Island til unngåelse av dobbeltbeskatning og forebyggelse av skatteunndragelse med hensyn til skatter av inntekt og formue. 1966. </subfield>
  </datafield>
  <datafield tag="710" ind1="1" ind2="2">
    <subfield code="a">Iceland.</subfield>
    <subfield code="k">Treaties etc.</subfield>
    <subfield code="t">Norway, March 30, 1966. Samingur milli Konungsrikisins Noregs og Lýðoveldisins Íslands um aðo komast hjá tvísköttun og koma i veg fyrir undanskot frá skattlagningu á tekjur og eignir. 1966. </subfield>
  </datafield>
  <datafield tag="991" ind1=" " ind2=" ">
    <subfield code="b">c-LL</subfield>
    <subfield code="h">LAW &lt;Europe Norway 4 Treaties 1966&gt;</subfield>
    <subfield code="t">Copy 1</subfield>
    <subfield code="w">PREM</subfield>
  </datafield>
</record>