
<record>
  <leader>01478cam a22003011i 4500</leader>
  <controlfield tag="001">9032662</controlfield>
  <controlfield tag="005">20200102145625.0</controlfield>
  <controlfield tag="008">770325s1976    uz       b    001 0 rusr </controlfield>
  <datafield tag="906" ind1=" " ind2=" ">
    <subfield code="a">7</subfield>
    <subfield code="b">cbc</subfield>
    <subfield code="c">oclcrpl</subfield>
    <subfield code="d">u</subfield>
    <subfield code="e">ncip</subfield>
    <subfield code="f">19</subfield>
    <subfield code="g">y-gencatlg</subfield>
  </datafield>
  <datafield tag="010" ind1=" " ind2=" ">
    <subfield code="a">   76529616 </subfield>
  </datafield>
  <datafield tag="020" ind1=" " ind2=" ">
    <subfield code="c">3.30rub</subfield>
  </datafield>
  <datafield tag="035" ind1=" " ind2=" ">
    <subfield code="9">(DLC)   76529616</subfield>
  </datafield>
  <datafield tag="035" ind1=" " ind2=" ">
    <subfield code="a">(OCoLC)2834312</subfield>
  </datafield>
  <datafield tag="040" ind1=" " ind2=" ">
    <subfield code="a">DLC</subfield>
    <subfield code="c">GU</subfield>
    <subfield code="d">GU</subfield>
    <subfield code="d">NN</subfield>
    <subfield code="d">DLC</subfield>
  </datafield>
  <datafield tag="042" ind1=" " ind2=" ">
    <subfield code="a">premarc</subfield>
  </datafield>
  <datafield tag="043" ind1=" " ind2=" ">
    <subfield code="a">e-ur-uz</subfield>
  </datafield>
  <datafield tag="050" ind1="0" ind2="0">
    <subfield code="a">DK879</subfield>
    <subfield code="b">.I88</subfield>
  </datafield>
  <datafield tag="245" ind1="0" ind2="0">
    <subfield code="a">Istorii︠a︡ Bukharskoĭ Narodnoĭ Sovetskoĭ Respubliki :</subfield>
    <subfield code="b">1920-1924 gg. : sbornik dokumentov /</subfield>
    <subfield code="c">[otv. sostaviteli I. A. Alimov, I︠U︡. S. Akhti︠a︡mova].</subfield>
  </datafield>
  <datafield tag="260" ind1=" " ind2=" ">
    <subfield code="a">Tashkent :</subfield>
    <subfield code="b">Fan,</subfield>
    <subfield code="c">1976.</subfield>
  </datafield>
  <datafield tag="300" ind1=" " ind2=" ">
    <subfield code="a">481 p. ;</subfield>
    <subfield code="c">22 cm.</subfield>
  </datafield>
  <datafield tag="500" ind1=" " ind2=" ">
    <subfield code="a">At head of title: Sredneaziatskai︠a︡ sekt︠s︡ii︠a︡ Nauchnogo soveta AN SSSR po kompleksnoĭ prombleme Istorii︠a︡ Velikoĭ Okti︠a︡brʹskoĭ sot︠s︡ialisticheskoĭ revoli︠u︡t︠s︡ii, and other organizations.</subfield>
  </datafield>
  <datafield tag="504" ind1=" " ind2=" ">
    <subfield code="a">Includes bibliographical references and index.</subfield>
  </datafield>
  <datafield tag="651" ind1=" " ind2="0">
    <subfield code="a">Khanate of Bukhara</subfield>
    <subfield code="x">History</subfield>
    <subfield code="x">Sources.</subfield>
  </datafield>
  <datafield tag="700" ind1="1" ind2=" ">
    <subfield code="a">Alimov, I. A.</subfield>
    <subfield code="q">(Ibragim Abdugapparovich)</subfield>
  </datafield>
  <datafield tag="700" ind1="1" ind2=" ">
    <subfield code="a">Akhti︠a︡mova, I︠U︡. S.</subfield>
  </datafield>
  <datafield tag="710" ind1="2" ind2=" ">
    <subfield code="a">Akademii︠a︡ nauk SSSR.</subfield>
    <subfield code="b">Nauchnyĭ sovet po kompleksnoĭ probleme &quot;Istorii︠a︡ Velikoĭ Okti︠a︡brʹskoĭ sot︠s︡ialisticheskoĭ revoli︠u︡t︠s︡ii.&quot;</subfield>
    <subfield code="b">Sredneaziatskai︠a︡ sekt︠s︡ii︠a︡.</subfield>
  </datafield>
  <datafield tag="985" ind1=" " ind2=" ">
    <subfield code="e">OCLC REPLACEMENT cdsdistr</subfield>
  </datafield>
  <datafield tag="991" ind1=" " ind2=" ">
    <subfield code="b">c-GenColl</subfield>
    <subfield code="h">DK879</subfield>
    <subfield code="i">.I88</subfield>
    <subfield code="t">Copy 1</subfield>
    <subfield code="w">OCLCREP</subfield>
  </datafield>
</record>