
<record>
  <leader>01396cam a22003133u 4500</leader>
  <controlfield tag="001">9073206</controlfield>
  <controlfield tag="005">20200102123305.0</controlfield>
  <controlfield tag="008">890809s1733    gw f          000 0 lat  </controlfield>
  <datafield tag="906" ind1=" " ind2=" ">
    <subfield code="a">7</subfield>
    <subfield code="b">cbc</subfield>
    <subfield code="c">premver</subfield>
    <subfield code="d">1</subfield>
    <subfield code="e">ncip</subfield>
    <subfield code="f">19</subfield>
    <subfield code="g">y-genrareb</subfield>
  </datafield>
  <datafield tag="955" ind1=" " ind2=" ">
    <subfield code="a">he19 2019-07-02 NEW INPUT</subfield>
  </datafield>
  <datafield tag="035" ind1=" " ind2=" ">
    <subfield code="9">(DLC)tmp82006836</subfield>
  </datafield>
  <datafield tag="010" ind1=" " ind2=" ">
    <subfield code="a">   43036234 </subfield>
    <subfield code="z">tmp82006836 </subfield>
  </datafield>
  <datafield tag="040" ind1=" " ind2=" ">
    <subfield code="a">DLC</subfield>
    <subfield code="b">eng</subfield>
    <subfield code="c">DLC</subfield>
    <subfield code="d">DLC</subfield>
  </datafield>
  <datafield tag="050" ind1="0" ind2="0">
    <subfield code="a">QB802</subfield>
    <subfield code="b">.S4</subfield>
  </datafield>
  <datafield tag="100" ind1="1" ind2=" ">
    <subfield code="a">Semler, Christoph,</subfield>
    <subfield code="d">1669-1740.</subfield>
  </datafield>
  <datafield tag="245" ind1="1" ind2="0">
    <subfield code="a">Coelvm stellatvm in qvo asterismi</subfield>
    <subfield code="b">I. boreales, II. zodiacales, III. avstrales, albicantibvs in plano nigro stellis methodo, lvcentibvs in coelo noctvrno astris convenientissima exhibentvr /</subfield>
    <subfield code="c">opera m. Christophori Semleri.</subfield>
  </datafield>
  <datafield tag="246" ind1="3" ind2=" ">
    <subfield code="a">Coelum stellatum in quo asterismi</subfield>
  </datafield>
  <datafield tag="260" ind1=" " ind2=" ">
    <subfield code="a">Halæ Magedbvrgicæ,</subfield>
    <subfield code="b">[s.n.]</subfield>
    <subfield code="c">1733.</subfield>
  </datafield>
  <datafield tag="300" ind1=" " ind2=" ">
    <subfield code="a">1 p.</subfield>
    <subfield code="b">l., 35 pl.</subfield>
    <subfield code="c">20 cm.</subfield>
  </datafield>
  <datafield tag="501" ind1=" " ind2=" ">
    <subfield code="a">With: Zimmermann, Johann Jakob. Coniglobium nocturnale stelligerum; seu, Conus astroscopicus geminus, das ist. Hamburg : C. W. Brandt, 1729. Bound together subsequent to publication.</subfield>
    <subfield code="5">DLC</subfield>
  </datafield>
  <datafield tag="561" ind1=" " ind2=" ">
    <subfield code="a">Gift: E. Byne Haebett, 6-1-44. Rec RB 4-28-43.</subfield>
    <subfield code="5">DLC</subfield>
  </datafield>
  <datafield tag="650" ind1=" " ind2="0">
    <subfield code="a">Constellations</subfield>
    <subfield code="v">Early works to 1800.</subfield>
  </datafield>
  <datafield tag="650" ind1=" " ind2="0">
    <subfield code="a">Astronomy</subfield>
    <subfield code="v">Early works to 1800.</subfield>
  </datafield>
  <datafield tag="952" ind1=" " ind2=" ">
    <subfield code="a">LAC ecr 2018-11-08 update (1 card)</subfield>
  </datafield>
  <datafield tag="984" ind1=" " ind2=" ">
    <subfield code="a">rsl</subfield>
    <subfield code="d">2018-11-08</subfield>
  </datafield>
  <datafield tag="984" ind1=" " ind2=" ">
    <subfield code="a">gsl</subfield>
    <subfield code="d">2019-07-02</subfield>
  </datafield>
  <datafield tag="985" ind1=" " ind2=" ">
    <subfield code="a">rblacfederal</subfield>
    <subfield code="d">20181108</subfield>
  </datafield>
  <datafield tag="985" ind1=" " ind2=" ">
    <subfield code="g">050dvc</subfield>
  </datafield>
  <datafield tag="991" ind1=" " ind2=" ">
    <subfield code="b">c-GenColl</subfield>
    <subfield code="h">QB802</subfield>
    <subfield code="i">.S4</subfield>
    <subfield code="t">Copy 1</subfield>
    <subfield code="w">PREM</subfield>
  </datafield>
</record>