
<record>
  <leader>01046cam a22002771  4500</leader>
  <controlfield tag="001">9162957</controlfield>
  <controlfield tag="005">20200102135244.0</controlfield>
  <controlfield tag="008">840402q1800    it            000 0 ita  </controlfield>
  <datafield tag="906" ind1=" " ind2=" ">
    <subfield code="a">0</subfield>
    <subfield code="b">cbc</subfield>
    <subfield code="c">premver</subfield>
    <subfield code="d">u</subfield>
    <subfield code="e">ncip</subfield>
    <subfield code="f">19</subfield>
    <subfield code="g">y-gencatlg</subfield>
  </datafield>
  <datafield tag="010" ind1=" " ind2=" ">
    <subfield code="a">   11006260 </subfield>
  </datafield>
  <datafield tag="035" ind1=" " ind2=" ">
    <subfield code="9">(DLC)   11006260</subfield>
  </datafield>
  <datafield tag="040" ind1=" " ind2=" ">
    <subfield code="a">DLC</subfield>
    <subfield code="c">CarP</subfield>
    <subfield code="d">DLC</subfield>
  </datafield>
  <datafield tag="050" ind1="0" ind2="0">
    <subfield code="a">MT7.A2</subfield>
    <subfield code="b">P26</subfield>
  </datafield>
  <datafield tag="051" ind1=" " ind2=" ">
    <subfield code="a">Microfilm Music 5000 Item P-007c, Reel 150</subfield>
    <subfield code="c">Microfilm. Washington, D.C. : Library of Congress, [1983]. 1 microfilm reel ; 35 mm. On reel with other titles.</subfield>
  </datafield>
  <datafield tag="100" ind1="1" ind2=" ">
    <subfield code="a">Panerai, Vincenzo.</subfield>
  </datafield>
  <datafield tag="245" ind1="1" ind2="0">
    <subfield code="a">Principj di musica teorico-pratici dell&apos; ab: Vincenzio Paneraj ...</subfield>
  </datafield>
  <datafield tag="260" ind1=" " ind2=" ">
    <subfield code="a">Firenze :</subfield>
    <subfield code="b">G. Volpini,</subfield>
    <subfield code="c">[1800?]</subfield>
  </datafield>
  <datafield tag="300" ind1=" " ind2=" ">
    <subfield code="a">[1], 13 p. ;</subfield>
    <subfield code="c">28 x 22 cm.</subfield>
  </datafield>
  <datafield tag="500" ind1=" " ind2=" ">
    <subfield code="a">Engraved throughout.</subfield>
  </datafield>
  <datafield tag="500" ind1=" " ind2=" ">
    <subfield code="a">Another ed. pub. Florence, 1750.</subfield>
  </datafield>
  <datafield tag="650" ind1=" " ind2="0">
    <subfield code="a">Music</subfield>
    <subfield code="v">Textbooks.</subfield>
  </datafield>
  <datafield tag="856" ind1="4" ind2="1">
    <subfield code="d">muspre1800</subfield>
    <subfield code="f">101384</subfield>
    <subfield code="u">http://hdl.loc.gov/loc.music/muspre1800.101384</subfield>
  </datafield>
  <datafield tag="991" ind1=" " ind2=" ">
    <subfield code="b">c-Music</subfield>
    <subfield code="h">MT7</subfield>
    <subfield code="i">.P22 1800</subfield>
    <subfield code="t">Copy 1</subfield>
    <subfield code="m">Case</subfield>
    <subfield code="w">PREM</subfield>
  </datafield>
  <datafield tag="985" ind1=" " ind2=" ">
    <subfield code="e">muspre1800_scanning_2016</subfield>
  </datafield>
  <datafield tag="985" ind1=" " ind2=" ">
    <subfield code="a">muspre1800</subfield>
  </datafield>
  <datafield tag="985" ind1=" " ind2=" ">
    <subfield code="a">consortiumLC</subfield>
  </datafield>
</record>