
<record>
  <leader>02030cam a2200481 i 4500</leader>
  <controlfield tag="001">9180560</controlfield>
  <controlfield tag="005">20200102092700.0</controlfield>
  <controlfield tag="008">830809s1835    hiua   j      000 0 haw  </controlfield>
  <datafield tag="906" ind1=" " ind2=" ">
    <subfield code="a">0</subfield>
    <subfield code="b">cbc</subfield>
    <subfield code="c">premver</subfield>
    <subfield code="d">2</subfield>
    <subfield code="e">ncip</subfield>
    <subfield code="f">19</subfield>
    <subfield code="g">y-genrareb</subfield>
  </datafield>
  <datafield tag="955" ind1=" " ind2=" ">
    <subfield code="a">hc20 2019-12-30</subfield>
    <subfield code="i">hc20 2019-12-30 NEW INPUT</subfield>
    <subfield code="a">he06 2020-01-02</subfield>
  </datafield>
  <datafield tag="010" ind1=" " ind2=" ">
    <subfield code="a">ca 17003690 </subfield>
  </datafield>
  <datafield tag="040" ind1=" " ind2=" ">
    <subfield code="a">DLC</subfield>
    <subfield code="b">eng</subfield>
    <subfield code="e">rda</subfield>
    <subfield code="c">DLC</subfield>
    <subfield code="d">DLC</subfield>
  </datafield>
  <datafield tag="042" ind1=" " ind2=" ">
    <subfield code="a">pcc</subfield>
  </datafield>
  <datafield tag="050" ind1="0" ind2="0">
    <subfield code="a">PL6445</subfield>
    <subfield code="b">.D53 1835b</subfield>
  </datafield>
  <datafield tag="051" ind1=" " ind2=" ">
    <subfield code="a">PL6445</subfield>
    <subfield code="b">.D53 1835b Copy 2</subfield>
    <subfield code="c">Variant: illustration on title page is of a lion.</subfield>
  </datafield>
  <datafield tag="100" ind1="1" ind2=" ">
    <subfield code="a">Dibble, Sheldon,</subfield>
    <subfield code="d">1809-1845,</subfield>
    <subfield code="e">author.</subfield>
  </datafield>
  <datafield tag="242" ind1="1" ind2="2">
    <subfield code="a">A primer on animals for children.</subfield>
    <subfield code="y">eng</subfield>
  </datafield>
  <datafield tag="245" ind1="1" ind2="3">
    <subfield code="a">He hoikeholoholona na na kamalii.</subfield>
  </datafield>
  <datafield tag="246" ind1="3" ind2=" ">
    <subfield code="a">Hōʻike holoholona na nā kamaliʻi</subfield>
  </datafield>
  <datafield tag="250" ind1=" " ind2=" ">
    <subfield code="a">Elua pai ana.</subfield>
  </datafield>
  <datafield tag="264" ind1=" " ind2="1">
    <subfield code="a">Oahu :</subfield>
    <subfield code="b">Mea pai palapala a na misionari,</subfield>
    <subfield code="c">1835.</subfield>
  </datafield>
  <datafield tag="300" ind1=" " ind2=" ">
    <subfield code="a">76 pages :</subfield>
    <subfield code="b">illustrations ;</subfield>
    <subfield code="c">18 cm</subfield>
  </datafield>
  <datafield tag="336" ind1=" " ind2=" ">
    <subfield code="a">text</subfield>
    <subfield code="b">txt</subfield>
    <subfield code="2">rdacontent</subfield>
  </datafield>
  <datafield tag="337" ind1=" " ind2=" ">
    <subfield code="a">unmediated</subfield>
    <subfield code="b">n</subfield>
    <subfield code="2">rdamedia</subfield>
  </datafield>
  <datafield tag="338" ind1=" " ind2=" ">
    <subfield code="a">volume</subfield>
    <subfield code="b">nc</subfield>
    <subfield code="2">rdacarrier</subfield>
  </datafield>
  <datafield tag="500" ind1=" " ind2=" ">
    <subfield code="a">Second edition.</subfield>
  </datafield>
  <datafield tag="500" ind1=" " ind2=" ">
    <subfield code="a">By S. Dibble. See Judd.</subfield>
  </datafield>
  <datafield tag="500" ind1=" " ind2=" ">
    <subfield code="a">&quot;This book of stories about animals is illustrated with particularly attractive woodcuts&quot;--Forbes.</subfield>
  </datafield>
  <datafield tag="500" ind1=" " ind2=" ">
    <subfield code="a">Illustration on title page is of a tiger.</subfield>
  </datafield>
  <datafield tag="500" ind1=" " ind2=" ">
    <subfield code="a">Some of the woodcuts were manufactured locally at Dibble&apos;s school. See Forbes.</subfield>
  </datafield>
  <datafield tag="510" ind1="4" ind2=" ">
    <subfield code="a">Forbes, D.W. Hawaiian national bibliography, 1780-1900,</subfield>
    <subfield code="c">939</subfield>
  </datafield>
  <datafield tag="510" ind1="4" ind2=" ">
    <subfield code="a">Judd, B. Hawaiian language imprints, 1822-1899,</subfield>
    <subfield code="c">122</subfield>
  </datafield>
  <datafield tag="650" ind1=" " ind2="0">
    <subfield code="a">Hawaiian language</subfield>
    <subfield code="v">Readers.</subfield>
  </datafield>
  <datafield tag="650" ind1=" " ind2="0">
    <subfield code="a">Animals</subfield>
    <subfield code="v">Juvenile literature.</subfield>
  </datafield>
  <datafield tag="710" ind1="2" ind2=" ">
    <subfield code="a">Mission Press (Hawaii),</subfield>
    <subfield code="e">publisher.</subfield>
  </datafield>
  <datafield tag="710" ind1="2" ind2=" ">
    <subfield code="a">Hawaiian Imprint Collection (Library of Congress)</subfield>
    <subfield code="5">DLC</subfield>
  </datafield>
  <datafield tag="856" ind1="4" ind2="1">
    <subfield code="z">Full view of first edition (1835),</subfield>
    <subfield code="2">HathiTrust Digital Library:</subfield>
    <subfield code="u">https://hdl.handle.net/2027/hvd.ah5zym</subfield>
  </datafield>
  <datafield tag="952" ind1=" " ind2=" ">
    <subfield code="a">LAC snh 2019-10-18 update (1 card)</subfield>
  </datafield>
  <datafield tag="952" ind1=" " ind2=" ">
    <subfield code="a">Formerly classified: PL6448.7.D5 1835a</subfield>
  </datafield>
  <datafield tag="984" ind1=" " ind2=" ">
    <subfield code="a">rsl</subfield>
    <subfield code="d">2019-10-18</subfield>
  </datafield>
  <datafield tag="984" ind1=" " ind2=" ">
    <subfield code="a">gsl</subfield>
  </datafield>
  <datafield tag="985" ind1=" " ind2=" ">
    <subfield code="a">rblacfederal</subfield>
    <subfield code="d">20191018</subfield>
  </datafield>
  <datafield tag="991" ind1=" " ind2=" ">
    <subfield code="b">c-GenColl</subfield>
    <subfield code="h">PL6448</subfield>
    <subfield code="i">.7D5 1835a</subfield>
    <subfield code="t">Copy 1</subfield>
    <subfield code="w">PREM</subfield>
  </datafield>
</record>