
<record>
  <leader>01835cam a22003491a 4500</leader>
  <controlfield tag="001">9202323</controlfield>
  <controlfield tag="005">20200102135621.0</controlfield>
  <controlfield tag="008">830126s1785    ie            000 0 eng  </controlfield>
  <datafield tag="906" ind1=" " ind2=" ">
    <subfield code="a">7</subfield>
    <subfield code="b">cbc</subfield>
    <subfield code="c">premver</subfield>
    <subfield code="d">3</subfield>
    <subfield code="e">ncip</subfield>
    <subfield code="f">19</subfield>
    <subfield code="g">y-genrareb</subfield>
  </datafield>
  <datafield tag="955" ind1=" " ind2=" ">
    <subfield code="a">he11 2016-04-08</subfield>
    <subfield code="i">he11 2016-04-08 NEW INPUT</subfield>
    <subfield code="t">he11 2016-04-08</subfield>
  </datafield>
  <datafield tag="035" ind1=" " ind2=" ">
    <subfield code="9">(DLC)   25025270</subfield>
  </datafield>
  <datafield tag="010" ind1=" " ind2=" ">
    <subfield code="a">   25025270 </subfield>
  </datafield>
  <datafield tag="040" ind1=" " ind2=" ">
    <subfield code="a">DLC</subfield>
    <subfield code="b">eng</subfield>
    <subfield code="c">DLC</subfield>
    <subfield code="d">DLC</subfield>
    <subfield code="e">dcrmb</subfield>
  </datafield>
  <datafield tag="050" ind1="0" ind2="0">
    <subfield code="a">PR1241</subfield>
    <subfield code="b">.L6 vol. 168, no. 3</subfield>
    <subfield code="a">PR3687.S153</subfield>
  </datafield>
  <datafield tag="051" ind1=" " ind2=" ">
    <subfield code="a">PR1269</subfield>
    <subfield code="b">.C6 no. 7</subfield>
    <subfield code="c">No. 7 in a volume lettered: Comedys</subfield>
  </datafield>
  <datafield tag="100" ind1="1" ind2=" ">
    <subfield code="a">O&apos;Keeffe, John,</subfield>
    <subfield code="d">1747-1833.</subfield>
  </datafield>
  <datafield tag="245" ind1="1" ind2="4">
    <subfield code="a">The poor soldier :</subfield>
    <subfield code="b">a comic opera. In two acts. With all the original songs /</subfield>
    <subfield code="c">Written by John O&apos;Keefe, Esq. Author of the Son-in-Law, agreeable surprize, castle of Andalusia, And other Dramatic Pieces. As acted at the Theatre Royal, Covent Garden.</subfield>
  </datafield>
  <datafield tag="246" ind1="1" ind2=" ">
    <subfield code="i">Binder&apos;s title:</subfield>
    <subfield code="a">Plays.</subfield>
    <subfield code="n">No. 168</subfield>
    <subfield code="5">DLC</subfield>
  </datafield>
  <datafield tag="250" ind1=" " ind2=" ">
    <subfield code="a">A new edition. Improved and carefully corrected.</subfield>
  </datafield>
  <datafield tag="260" ind1=" " ind2=" ">
    <subfield code="a">Dublin :</subfield>
    <subfield code="b">Printed and sold by the booksellers,</subfield>
    <subfield code="c">[1785].</subfield>
  </datafield>
  <datafield tag="300" ind1=" " ind2=" ">
    <subfield code="a">[2], 32 p. ;</subfield>
    <subfield code="c">17 cm. (12mo)</subfield>
  </datafield>
  <datafield tag="490" ind1="0" ind2=" ">
    <subfield code="a">[Longe, F. Collection of plays ;</subfield>
    <subfield code="v">v. 168, no. 3]</subfield>
  </datafield>
  <datafield tag="500" ind1=" " ind2=" ">
    <subfield code="a">With a half-title page.</subfield>
  </datafield>
  <datafield tag="510" ind1="4" ind2=" ">
    <subfield code="a">English Short Title Catalogue (ESTC)</subfield>
    <subfield code="c">T44056</subfield>
  </datafield>
  <datafield tag="530" ind1=" " ind2=" ">
    <subfield code="a">A digital reproduction of the copy of this title found at the British Library is available from Eighteenth Century Collections Online (ECCO)</subfield>
  </datafield>
  <datafield tag="500" ind1=" " ind2=" ">
    <subfield code="a">LC copy: Third title in volume with binder&apos;s title: Plays, no. 168.</subfield>
    <subfield code="5">DLC</subfield>
  </datafield>
  <datafield tag="650" ind1=" " ind2="0">
    <subfield code="a">Operas</subfield>
    <subfield code="v">Librettos</subfield>
    <subfield code="v">Early works to 1800.</subfield>
  </datafield>
  <datafield tag="700" ind1="1" ind2=" ">
    <subfield code="a">Shield, William,</subfield>
    <subfield code="d">1748-1829.</subfield>
  </datafield>
  <datafield tag="710" ind1="2" ind2=" ">
    <subfield code="a">Francis Longe Collection (Library of Congress)</subfield>
    <subfield code="5">DLC</subfield>
  </datafield>
  <datafield tag="952" ind1=" " ind2=" ">
    <subfield code="a">LC copy with call number PR1269.C6 no. 7 not examined; NOS; no card in RBSCD; Pre-1801 Collection?</subfield>
  </datafield>
  <datafield tag="984" ind1=" " ind2=" ">
    <subfield code="a">gsl</subfield>
    <subfield code="d">2016-04-08</subfield>
  </datafield>
  <datafield tag="991" ind1=" " ind2=" ">
    <subfield code="b">c-RareBook</subfield>
    <subfield code="h">PR1241</subfield>
    <subfield code="i">.L6 vol. 168, no. 3</subfield>
    <subfield code="t">Copy 1</subfield>
    <subfield code="w">PREM</subfield>
  </datafield>
</record>