
<record>
  <leader>02756cam a2200361   4500</leader>
  <controlfield tag="001">9339933</controlfield>
  <controlfield tag="005">20200102101847.0</controlfield>
  <controlfield tag="008">931117s1737    ru abe        000 0 rus  </controlfield>
  <datafield tag="906" ind1=" " ind2=" ">
    <subfield code="a">0</subfield>
    <subfield code="b">cbc</subfield>
    <subfield code="c">premver</subfield>
    <subfield code="d">1</subfield>
    <subfield code="e">ncip</subfield>
    <subfield code="f">19</subfield>
    <subfield code="g">y-genrareb</subfield>
  </datafield>
  <datafield tag="955" ind1=" " ind2=" ">
    <subfield code="b">he00</subfield>
    <subfield code="i">he07 2011-12-13 NEW INPUT</subfield>
  </datafield>
  <datafield tag="010" ind1=" " ind2=" ">
    <subfield code="a">   56051140 </subfield>
  </datafield>
  <datafield tag="040" ind1=" " ind2=" ">
    <subfield code="a">DLC</subfield>
    <subfield code="c">DLC</subfield>
    <subfield code="d">DLC</subfield>
    <subfield code="d">DLC</subfield>
  </datafield>
  <datafield tag="043" ind1=" " ind2=" ">
    <subfield code="a">a-tu---</subfield>
  </datafield>
  <datafield tag="050" ind1="0" ind2="0">
    <subfield code="a">UA810</subfield>
    <subfield code="b">.M33</subfield>
  </datafield>
  <datafield tag="066" ind1=" " ind2=" ">
    <subfield code="c">(N</subfield>
    <subfield code="c">(Q</subfield>
  </datafield>
  <datafield tag="100" ind1="1" ind2=" ">
    <subfield code="a">Marsili, Luigi Ferdinando,</subfield>
    <subfield code="d">1658-1730.</subfield>
  </datafield>
  <datafield tag="240" ind1="1" ind2="0">
    <subfield code="a">Stato militare dell&apos;Imperio ottomanno.</subfield>
    <subfield code="l">Russian</subfield>
  </datafield>
  <datafield tag="245" ind1="1" ind2="0">
    <subfield code="6">880-01</subfield>
    <subfield code="a">Voennoe sostoi︠a︡nīe Ottomanskīi︠a︡ Imperīi sʺ ei︠a︡ prirashchenīemʺ i upadkomʺ.</subfield>
    <subfield code="b">Sochineno chrezʺ Grafa de Marsīlʹli chlena Parizhskīi︠a︡ Korolevskīi︠a︡ Akademīi Naukʺ i Monpelʹerskīi︠a︡ takzhe Londonskago Korolevskago Sot︠s︡iėteta i osnovateli︠a︡ Bolonskago Īnstītuta. Vse ukrasheno grydorovannymi listami.</subfield>
  </datafield>
  <datafield tag="880" ind1="1" ind2="0">
    <subfield code="6">245-01/(N</subfield>
    <subfield code="a">Военное состояніе Оттоманскія Имперіи съ ея приращеніемъ и упадкомъ.</subfield>
    <subfield code="c">Сочинено чрезъ Графа де Марсільли члена Парижскія Королевскія Академіи Наукъ и Монпельерскія также Лондонскаго Королевскаго Социэтета и основателя Болонскаго Інстітута. Все украшено грыдорованными листами.</subfield>
  </datafield>
  <datafield tag="260" ind1=" " ind2=" ">
    <subfield code="6">880-02</subfield>
    <subfield code="a">Vʺ Sanktpeterburgi︠e︡,</subfield>
    <subfield code="b">Pechatano pri Imperatorskoĭ Akademīi Naukʺ,</subfield>
    <subfield code="c">1737 goda.</subfield>
  </datafield>
  <datafield tag="880" ind1=" " ind2=" ">
    <subfield code="6">260-02/(N</subfield>
    <subfield code="a">Въ Санктпетербургѣ,</subfield>
    <subfield code="b">Печатано при Императорской Академіи Наукъ,</subfield>
    <subfield code="c">1737 года.</subfield>
  </datafield>
  <datafield tag="300" ind1=" " ind2=" ">
    <subfield code="a">2 volumes in 1.</subfield>
    <subfield code="b">illus., fold. maps, plans.</subfield>
    <subfield code="c">33 cm.</subfield>
  </datafield>
  <datafield tag="500" ind1=" " ind2=" ">
    <subfield code="a">Illustrations depict Ottoman tents, camps, weapons, banners, flags, troop formations, entourage, camels, horses, etc.</subfield>
  </datafield>
  <datafield tag="501" ind1=" " ind2=" ">
    <subfield code="6">880-03</subfield>
    <subfield code="a">Bound with Izvi︠e︡stīe o dvukhʺ vozmushchenīi︠a︡khʺ, sluchivshikhsi︠a︡ vʺ Konstantinopoli︠e︡. Vʺ Sanktpeterburgi︠e︡, 1738. Bound together subsequent to publication.</subfield>
    <subfield code="5">DLC</subfield>
  </datafield>
  <datafield tag="880" ind1=" " ind2=" ">
    <subfield code="6">501-03/(N</subfield>
    <subfield code="a">Bound with Извѣстіе о двухъ возмущеніяхъ, случившихся въ Константинополѣ. Въ Санктпетербургѣ, 1738. Bound together subsequent to publication.</subfield>
    <subfield code="5">DLC</subfield>
  </datafield>
  <datafield tag="610" ind1="1" ind2="0">
    <subfield code="a">Turkey.</subfield>
    <subfield code="b">Ordu.</subfield>
  </datafield>
  <datafield tag="610" ind1="1" ind2="0">
    <subfield code="a">Turkey.</subfield>
    <subfield code="b">Ordu</subfield>
    <subfield code="v">Illustrations.</subfield>
  </datafield>
  <datafield tag="651" ind1=" " ind2="0">
    <subfield code="a">Turkey</subfield>
    <subfield code="x">History, Military.</subfield>
  </datafield>
  <datafield tag="651" ind1=" " ind2="0">
    <subfield code="a">Turkey</subfield>
    <subfield code="x">History, Military</subfield>
    <subfield code="v">Illustrations.</subfield>
  </datafield>
  <datafield tag="710" ind1="2" ind2=" ">
    <subfield code="a">Yudin Collection (Library of Congress)</subfield>
    <subfield code="5">DLC</subfield>
  </datafield>
  <datafield tag="984" ind1=" " ind2=" ">
    <subfield code="a">rsl</subfield>
    <subfield code="d">2019-03-20</subfield>
  </datafield>
  <datafield tag="985" ind1=" " ind2=" ">
    <subfield code="a">rarebk/yudin</subfield>
    <subfield code="e">rbc</subfield>
    <subfield code="f">qr04</subfield>
    <subfield code="g">enh</subfield>
  </datafield>
  <datafield tag="991" ind1=" " ind2=" ">
    <subfield code="b">c-RareBook</subfield>
    <subfield code="h">UA810</subfield>
    <subfield code="i">.M33</subfield>
    <subfield code="t">Copy 1</subfield>
    <subfield code="m">Yudin Coll</subfield>
    <subfield code="w">PREM</subfield>
  </datafield>
</record>