
<record>
  <leader>01002cam a22002051  4500</leader>
  <controlfield tag="001">9577585</controlfield>
  <controlfield tag="005">20200102122337.0</controlfield>
  <controlfield tag="008">851011s1960    tu            000 0 tur  </controlfield>
  <datafield tag="906" ind1=" " ind2=" ">
    <subfield code="a">0</subfield>
    <subfield code="b">cbc</subfield>
    <subfield code="c">premunv</subfield>
    <subfield code="d">u</subfield>
    <subfield code="e">ncip</subfield>
    <subfield code="f">19</subfield>
    <subfield code="g">y-gencatlg</subfield>
  </datafield>
  <datafield tag="955" ind1=" " ind2=" ">
    <subfield code="a">reclass ll36 2020-01-02</subfield>
  </datafield>
  <datafield tag="035" ind1=" " ind2=" ">
    <subfield code="9">(DLC)unk85041370</subfield>
  </datafield>
  <datafield tag="010" ind1=" " ind2=" ">
    <subfield code="a">unk85041370 </subfield>
  </datafield>
  <datafield tag="040" ind1=" " ind2=" ">
    <subfield code="a">DLC</subfield>
    <subfield code="c">CarP</subfield>
    <subfield code="d">DLC</subfield>
  </datafield>
  <datafield tag="050" ind1="0" ind2="0">
    <subfield code="a">KKX2070</subfield>
    <subfield code="b">.A965 1960a</subfield>
  </datafield>
  <datafield tag="110" ind1="2" ind2=" ">
    <subfield code="a">Ankara Universite.</subfield>
    <subfield code="b">Siyasal Bilgiler Fakültesi. </subfield>
  </datafield>
  <datafield tag="245" ind1="0" ind2="0">
    <subfield code="a">Incelemeler. 1.- Türkiyeʾde Yasama Yürtme - Münasibeti (Prof. Dr. Tahsin Behir Balta), 2. Türkiyede Meclis - Hükûmet Münasibetlerine bir bakiş.</subfield>
    <subfield code="b">(Prof. Bahri Savci), 3.- Türkiyeʾde Iktisadî Amme Işletmelerinin Murakabesi (Prof. Dr. Tahsin Bekir Balta), 4.- Siyasette nazariye ve tatbikat Münasibeti ve Türk Anayasa Sistemi (Prof. Dr. Yavuz Abadan).</subfield>
  </datafield>
  <datafield tag="260" ind1=" " ind2=" ">
    <subfield code="a">Ankara,</subfield>
    <subfield code="c">1960.</subfield>
  </datafield>
  <datafield tag="300" ind1=" " ind2=" ">
    <subfield code="a">p. cm.</subfield>
  </datafield>
  <datafield tag="650" ind1=" " ind2="0">
    <subfield code="a">Constitutional law</subfield>
    <subfield code="z">Turkey.</subfield>
  </datafield>
  <datafield tag="991" ind1=" " ind2=" ">
    <subfield code="b">c-LL</subfield>
    <subfield code="h">LAW &lt;Near East Turkey 7 AUSB 1960&gt;</subfield>
    <subfield code="t">Copy 1</subfield>
    <subfield code="w">PREM</subfield>
  </datafield>
</record>