
<record>
  <leader>02056cam a2200409 a 4500</leader>
  <controlfield tag="001">9671757</controlfield>
  <controlfield tag="005">20200102093839.0</controlfield>
  <controlfield tag="008">720720s1926    nyuacf   b    001 0deng  </controlfield>
  <datafield tag="906" ind1=" " ind2=" ">
    <subfield code="a">7</subfield>
    <subfield code="b">cbc</subfield>
    <subfield code="c">premver</subfield>
    <subfield code="d">2</subfield>
    <subfield code="e">ncip</subfield>
    <subfield code="f">19</subfield>
    <subfield code="g">y-gencatlg</subfield>
  </datafield>
  <datafield tag="955" ind1=" " ind2=" ">
    <subfield code="a">vj23 2007-02-09</subfield>
    <subfield code="i">vj23 2007-02-09 NEW INPUT</subfield>
    <subfield code="e">vj23 2007-02-16; added copy vj23 2007-02-22</subfield>
    <subfield code="c">vj15 2007-08-29</subfield>
    <subfield code="e">added copy vj15 2007-08-29</subfield>
  </datafield>
  <datafield tag="035" ind1=" " ind2=" ">
    <subfield code="9">(DLC)   26006693</subfield>
  </datafield>
  <datafield tag="010" ind1=" " ind2=" ">
    <subfield code="a">   26006693 </subfield>
  </datafield>
  <datafield tag="040" ind1=" " ind2=" ">
    <subfield code="a">DLC</subfield>
    <subfield code="c">DLC</subfield>
    <subfield code="d">DLC</subfield>
  </datafield>
  <datafield tag="050" ind1="0" ind2="0">
    <subfield code="a">PR4856</subfield>
    <subfield code="b">.C65</subfield>
  </datafield>
  <datafield tag="051" ind1=" " ind2=" ">
    <subfield code="a">PR4856</subfield>
    <subfield code="b">.C65 Copy 4</subfield>
    <subfield code="c">Gift of Rear Admiral Lloyd H. Chandler, U.S.N., Jan. 4, 1937.</subfield>
  </datafield>
  <datafield tag="100" ind1="1" ind2=" ">
    <subfield code="a">Cooper, Page,</subfield>
    <subfield code="d">1891-1958.</subfield>
  </datafield>
  <datafield tag="245" ind1="1" ind2="0">
    <subfield code="a">Rudyard Kipling /</subfield>
    <subfield code="c">by Anice Page Cooper.</subfield>
  </datafield>
  <datafield tag="250" ind1=" " ind2=" ">
    <subfield code="a">1st ed.</subfield>
  </datafield>
  <datafield tag="260" ind1=" " ind2=" ">
    <subfield code="a">Garden City, N.Y. :</subfield>
    <subfield code="b">Doubleday, Page &amp; Co.,</subfield>
    <subfield code="c">1926.</subfield>
  </datafield>
  <datafield tag="300" ind1=" " ind2=" ">
    <subfield code="a">100 p., [2] leaves of plates :</subfield>
    <subfield code="b">ill., port. ;</subfield>
    <subfield code="c">19 cm.</subfield>
  </datafield>
  <datafield tag="500" ind1=" " ind2=" ">
    <subfield code="a">Designs and line illustrations by W. Heath Robinson.</subfield>
  </datafield>
  <datafield tag="500" ind1=" " ind2=" ">
    <subfield code="a">&quot;The Kipling index, being a guide to the authorized American trade edition of Rudyard Kipling&apos;s works&quot;: p. [47]-[99].</subfield>
  </datafield>
  <datafield tag="510" ind1="4" ind2=" ">
    <subfield code="a">Stewart, J.M.  Kipling,</subfield>
    <subfield code="c">743</subfield>
  </datafield>
  <datafield tag="505" ind1="0" ind2=" ">
    <subfield code="a">Rudyard Kipling, fringed palms and fireflies -- The meekness of Mr. Rudyard Kipling / Dixon Scott -- The infinite sonorities of Mr. Kipling&apos;s songs / André Chevrillon -- Rudyard Kipling&apos;s place in literature / Richard Le Gallienne -- Rudyard Kipling / William Lyon Phelps.</subfield>
  </datafield>
  <datafield tag="600" ind1="1" ind2="0">
    <subfield code="a">Kipling, Rudyard,</subfield>
    <subfield code="d">1865-1936.</subfield>
  </datafield>
  <datafield tag="600" ind1="1" ind2="0">
    <subfield code="a">Kipling, Rudyard,</subfield>
    <subfield code="d">1865-1936</subfield>
    <subfield code="x">Criticism and interpretation.</subfield>
  </datafield>
  <datafield tag="600" ind1="1" ind2="0">
    <subfield code="a">Kipling, Rudyard,</subfield>
    <subfield code="d">1865-1936</subfield>
    <subfield code="v">Bibliography.</subfield>
  </datafield>
  <datafield tag="700" ind1="1" ind2=" ">
    <subfield code="a">Robinson, W. Heath</subfield>
    <subfield code="q">(William Heath),</subfield>
    <subfield code="d">1872-1944.</subfield>
  </datafield>
  <datafield tag="710" ind1="2" ind2=" ">
    <subfield code="a">Kipling Collection (Library of Congress)</subfield>
    <subfield code="5">DLC</subfield>
  </datafield>
  <datafield tag="710" ind1="2" ind2=" ">
    <subfield code="a">Chandler Kipling Collection (Library of Congress)</subfield>
    <subfield code="5">DLC</subfield>
  </datafield>
  <datafield tag="952" ind1=" " ind2=" ">
    <subfield code="a">LC copies1 and 3 transferred from GenColl to RareBook 6/27/85.</subfield>
  </datafield>
  <datafield tag="952" ind1=" " ind2=" ">
    <subfield code="a">LAC scc 2020-01-02 no edits (1 card)</subfield>
  </datafield>
  <datafield tag="984" ind1=" " ind2=" ">
    <subfield code="a">rsl</subfield>
    <subfield code="d">2020-01-02</subfield>
  </datafield>
  <datafield tag="984" ind1=" " ind2=" ">
    <subfield code="a">gsl</subfield>
  </datafield>
  <datafield tag="985" ind1=" " ind2=" ">
    <subfield code="a">rblacfederal</subfield>
    <subfield code="d">20200102</subfield>
  </datafield>
  <datafield tag="985" ind1=" " ind2=" ">
    <subfield code="e">OCLC REPLACEMENT cdsdistr</subfield>
  </datafield>
  <datafield tag="991" ind1=" " ind2=" ">
    <subfield code="b">c-RareBook</subfield>
    <subfield code="h">PR4856</subfield>
    <subfield code="i">.C65</subfield>
    <subfield code="t">Copy 1</subfield>
    <subfield code="w">OCLCREP</subfield>
  </datafield>
</record>