
<record>
  <leader>00899ccm a2200241ui 4500</leader>
  <controlfield tag="001">9822712</controlfield>
  <controlfield tag="005">20200102161231.0</controlfield>
  <controlfield tag="008">831220s1959    gw ||||        n  | ger  </controlfield>
  <datafield tag="906" ind1=" " ind2=" ">
    <subfield code="a">0</subfield>
    <subfield code="b">cbc</subfield>
    <subfield code="c">premunv</subfield>
    <subfield code="d">u</subfield>
    <subfield code="e">ncip</subfield>
    <subfield code="f">19</subfield>
    <subfield code="g">y-genmusic</subfield>
  </datafield>
  <datafield tag="925" ind1="0" ind2=" ">
    <subfield code="a">Acquire</subfield>
    <subfield code="b">1 shelf copy</subfield>
    <subfield code="x">policy default</subfield>
  </datafield>
  <datafield tag="010" ind1=" " ind2=" ">
    <subfield code="a">m  59002053 </subfield>
  </datafield>
  <datafield tag="035" ind1=" " ind2=" ">
    <subfield code="9">(DLC)m  59002053</subfield>
  </datafield>
  <datafield tag="040" ind1=" " ind2=" ">
    <subfield code="a">DLC</subfield>
    <subfield code="c">CarP</subfield>
    <subfield code="d">DLC</subfield>
  </datafield>
  <datafield tag="050" ind1="0" ind2="0">
    <subfield code="a">M322.B58</subfield>
    <subfield code="b">P4</subfield>
  </datafield>
  <datafield tag="100" ind1="1" ind2=" ">
    <subfield code="a">Beyer, Johann Samuel,</subfield>
    <subfield code="d">1669-1744. </subfield>
  </datafield>
  <datafield tag="240" ind1="0" ind2="0">
    <subfield code="a">Partita, flute, violin &amp; continuo, no 1, C major. </subfield>
  </datafield>
  <datafield tag="245" ind1="1" ind2="0">
    <subfield code="a">Partita in C-dur, für Flöte, Violine und Basso continuo.</subfield>
  </datafield>
  <datafield tag="260" ind1=" " ind2=" ">
    <subfield code="a">München,</subfield>
    <subfield code="b">F. E. C. Leuckart</subfield>
    <subfield code="c">[c1959]</subfield>
  </datafield>
  <datafield tag="300" ind1=" " ind2=" ">
    <subfield code="a">score (13 p.) and parts.</subfield>
    <subfield code="c">31 cm.</subfield>
  </datafield>
  <datafield tag="650" ind1=" " ind2="0">
    <subfield code="a">Suites (Harpsichord, flute, violin)</subfield>
    <subfield code="x">To 1800. </subfield>
  </datafield>
  <datafield tag="830" ind1=" " ind2="0">
    <subfield code="a">Leuckartiana ;</subfield>
    <subfield code="v">Nr. 25.</subfield>
  </datafield>
  <datafield tag="991" ind1=" " ind2=" ">
    <subfield code="b">c-Music</subfield>
    <subfield code="h">M322.B58</subfield>
    <subfield code="i">P4</subfield>
    <subfield code="t">Copy 1</subfield>
    <subfield code="w">PREM</subfield>
  </datafield>
  <datafield tag="985" ind1=" " ind2=" ">
    <subfield code="e">PreMARC Music</subfield>
  </datafield>
</record>