
<record>
  <leader>02298cam a2200469 i 4500</leader>
  <controlfield tag="001">10077615</controlfield>
  <controlfield tag="005">20200102153447.0</controlfield>
  <controlfield tag="008">831117s1826    hiu           000 0 haw  </controlfield>
  <datafield tag="906" ind1=" " ind2=" ">
    <subfield code="a">0</subfield>
    <subfield code="b">cbc</subfield>
    <subfield code="c">premver</subfield>
    <subfield code="d">2</subfield>
    <subfield code="e">ncip</subfield>
    <subfield code="f">19</subfield>
    <subfield code="g">y-genrareb</subfield>
  </datafield>
  <datafield tag="955" ind1=" " ind2=" ">
    <subfield code="a">hc20 2020-01-02</subfield>
    <subfield code="i">hc20 2020-01-02 NEW INPUT</subfield>
  </datafield>
  <datafield tag="035" ind1=" " ind2=" ">
    <subfield code="9">(DLC)   05021742</subfield>
  </datafield>
  <datafield tag="010" ind1=" " ind2=" ">
    <subfield code="a">   05021742 </subfield>
  </datafield>
  <datafield tag="040" ind1=" " ind2=" ">
    <subfield code="a">DLC</subfield>
    <subfield code="b">eng</subfield>
    <subfield code="e">rda</subfield>
    <subfield code="c">DLC</subfield>
    <subfield code="d">DLC</subfield>
  </datafield>
  <datafield tag="042" ind1=" " ind2=" ">
    <subfield code="a">pcc</subfield>
  </datafield>
  <datafield tag="050" ind1="0" ind2="0">
    <subfield code="a">BV510.H38</subfield>
    <subfield code="b">E45 1826</subfield>
  </datafield>
  <datafield tag="100" ind1="1" ind2=" ">
    <subfield code="a">Ellis, William,</subfield>
    <subfield code="d">1794-1872,</subfield>
    <subfield code="e">author.</subfield>
  </datafield>
  <datafield tag="242" ind1="1" ind2="0">
    <subfield code="a">Hymns :</subfield>
    <subfield code="b">sung to Jehovah, the true God.</subfield>
    <subfield code="y">eng</subfield>
  </datafield>
  <datafield tag="245" ind1="1" ind2="3">
    <subfield code="a">He mau himeni :</subfield>
    <subfield code="b">e ori ia Iehova, i ke Akua mau.</subfield>
  </datafield>
  <datafield tag="246" ind1="3" ind2=" ">
    <subfield code="a">Mau hīmeni</subfield>
  </datafield>
  <datafield tag="250" ind1=" " ind2=" ">
    <subfield code="a">O ka lua keia o ke pai ana.</subfield>
  </datafield>
  <datafield tag="264" ind1=" " ind2="1">
    <subfield code="a">Oahu :</subfield>
    <subfield code="b">Paiia i ka mea pai palapala a ka poe misionari,</subfield>
    <subfield code="c">1826.</subfield>
  </datafield>
  <datafield tag="264" ind1=" " ind2="3">
    <subfield code="a">Oahu :</subfield>
    <subfield code="b">Printed at the Mission Press</subfield>
  </datafield>
  <datafield tag="300" ind1=" " ind2=" ">
    <subfield code="a">60 pages ;</subfield>
    <subfield code="c">14 cm</subfield>
  </datafield>
  <datafield tag="336" ind1=" " ind2=" ">
    <subfield code="a">text</subfield>
    <subfield code="b">txt</subfield>
    <subfield code="2">rdacontent</subfield>
  </datafield>
  <datafield tag="337" ind1=" " ind2=" ">
    <subfield code="a">unmediated</subfield>
    <subfield code="b">n</subfield>
    <subfield code="2">rdamedia</subfield>
  </datafield>
  <datafield tag="338" ind1=" " ind2=" ">
    <subfield code="a">volume</subfield>
    <subfield code="b">nc</subfield>
    <subfield code="2">rdacarrier</subfield>
  </datafield>
  <datafield tag="500" ind1=" " ind2=" ">
    <subfield code="a">Second edition : first edition 1823. See Judd.</subfield>
  </datafield>
  <datafield tag="500" ind1=" " ind2=" ">
    <subfield code="a">The first Hawaiian hymn-book, second edition. Prepared by W. Ellis and H. Bingham. See Judd.</subfield>
  </datafield>
  <datafield tag="500" ind1=" " ind2=" ">
    <subfield code="a">LC copy has manuscript note on flyleaf: &quot;Livre d&apos;hymnes et de prières, dans la langue des naturels des Iles Sandwich, imprimé dans l&apos;une de ces Iles, et rapporté par Mr. Paul Emile Botta, circumnavigateur à son retour d&apos;un voyage autour du monde, executé pendant les anneés 1827-[18]28-[18]29. Quelques fragments manuscrits d&apos;un naturel de ces Iles, couvrent les gardes de ce livre. La couverture est en bois d&apos;arbre à pain.&quot;</subfield>
    <subfield code="5">DLC</subfield>
  </datafield>
  <datafield tag="510" ind1="4" ind2=" ">
    <subfield code="a">Forbes, D.W. Hawaiian national bibliography, 1780-1900,</subfield>
    <subfield code="c">642</subfield>
  </datafield>
  <datafield tag="510" ind1="4" ind2=" ">
    <subfield code="a">Judd, B. Hawaiian language imprints, 1822-1899,</subfield>
    <subfield code="c">16</subfield>
  </datafield>
  <datafield tag="510" ind1="4" ind2=" ">
    <subfield code="a">Ballou, H.M. History of the Hawaiian mission press</subfield>
    <subfield code="c">6</subfield>
  </datafield>
  <datafield tag="510" ind1="4" ind2=" ">
    <subfield code="a">Ballou, H.M. History of the Hawaiian mission press</subfield>
    <subfield code="c">26</subfield>
  </datafield>
  <datafield tag="650" ind1=" " ind2="0">
    <subfield code="a">Hymns, Hawaiian</subfield>
    <subfield code="v">Texts.</subfield>
  </datafield>
  <datafield tag="630" ind1="0" ind2="0">
    <subfield code="a">Bible</subfield>
    <subfield code="x">Study and teaching.</subfield>
  </datafield>
  <datafield tag="700" ind1="1" ind2=" ">
    <subfield code="a">Bingham, Hiram,</subfield>
    <subfield code="d">1789-1869,</subfield>
    <subfield code="e">author.</subfield>
  </datafield>
  <datafield tag="710" ind1="2" ind2=" ">
    <subfield code="a">Mission Press (Hawaii),</subfield>
    <subfield code="e">publisher.</subfield>
  </datafield>
  <datafield tag="710" ind1="2" ind2=" ">
    <subfield code="a">Hawaiian Imprint Collection (Library of Congress)</subfield>
    <subfield code="5">DLC</subfield>
  </datafield>
  <datafield tag="952" ind1=" " ind2=" ">
    <subfield code="a">LAC snh 2019-10-18 update (1 card)</subfield>
  </datafield>
  <datafield tag="984" ind1=" " ind2=" ">
    <subfield code="a">rsl</subfield>
    <subfield code="d">2019-10-18</subfield>
  </datafield>
  <datafield tag="985" ind1=" " ind2=" ">
    <subfield code="a">rblacfederal</subfield>
    <subfield code="d">20191018</subfield>
  </datafield>
  <datafield tag="991" ind1=" " ind2=" ">
    <subfield code="b">c-GenColl</subfield>
    <subfield code="h">PL6448.1</subfield>
    <subfield code="i">.E6 1826</subfield>
    <subfield code="t">Copy 1</subfield>
    <subfield code="w">PREM</subfield>
  </datafield>
</record>