
<record>
  <leader>00922cam a22002292  4500</leader>
  <controlfield tag="001">10165000</controlfield>
  <controlfield tag="005">20200102163821.0</controlfield>
  <controlfield tag="008">971029s1933    it       b    000 0 lat  </controlfield>
  <datafield tag="906" ind1=" " ind2=" ">
    <subfield code="a">0</subfield>
    <subfield code="b">cbc</subfield>
    <subfield code="c">premver</subfield>
    <subfield code="d">u</subfield>
    <subfield code="e">ncip</subfield>
    <subfield code="f">19</subfield>
    <subfield code="g">y-gencatlg</subfield>
  </datafield>
  <datafield tag="010" ind1=" " ind2=" ">
    <subfield code="a">   34003402 </subfield>
  </datafield>
  <datafield tag="035" ind1=" " ind2=" ">
    <subfield code="9">(DLC)   34003402</subfield>
  </datafield>
  <datafield tag="040" ind1=" " ind2=" ">
    <subfield code="a">DLC</subfield>
    <subfield code="c">DLC</subfield>
    <subfield code="d">DLC</subfield>
  </datafield>
  <datafield tag="050" ind1="0" ind2="0">
    <subfield code="a">PA8420</subfield>
    <subfield code="b">.R8 1933</subfield>
  </datafield>
  <datafield tag="100" ind1="0" ind2=" ">
    <subfield code="a">Rudolphus Tortarius,</subfield>
    <subfield code="c">monk of Fleury,</subfield>
    <subfield code="d">1063-</subfield>
  </datafield>
  <datafield tag="245" ind1="1" ind2="0">
    <subfield code="a">Rodulfi Tortarii Carmina,</subfield>
    <subfield code="c">edited by Marbury B. Ogle and Dorothy M. Schullian.</subfield>
  </datafield>
  <datafield tag="260" ind1=" " ind2=" ">
    <subfield code="a">[Rome]</subfield>
    <subfield code="b">American Academy in Rome,</subfield>
    <subfield code="c">1933.</subfield>
  </datafield>
  <datafield tag="300" ind1=" " ind2=" ">
    <subfield code="a">lx, 500 p.</subfield>
    <subfield code="c">24 cm.</subfield>
  </datafield>
  <datafield tag="490" ind1="0" ind2=" ">
    <subfield code="a">Papers and monographs of the American Academy in Rome,</subfield>
    <subfield code="v">vol. VIII </subfield>
  </datafield>
  <datafield tag="504" ind1=" " ind2=" ">
    <subfield code="a">Bibliography: p. lvii-lx.</subfield>
  </datafield>
  <datafield tag="700" ind1="1" ind2=" ">
    <subfield code="a">Ogle, Marbury Bladen,</subfield>
    <subfield code="d">1879- </subfield>
    <subfield code="e">ed.</subfield>
  </datafield>
  <datafield tag="700" ind1="1" ind2=" ">
    <subfield code="a">Schullian, Dorothy M.</subfield>
    <subfield code="q">(Dorothy May),</subfield>
    <subfield code="d">1906-1989,</subfield>
    <subfield code="e">joint ed.</subfield>
  </datafield>
  <datafield tag="991" ind1=" " ind2=" ">
    <subfield code="b">c-GenColl</subfield>
    <subfield code="h">PA8420</subfield>
    <subfield code="i">.R8 1933</subfield>
    <subfield code="p">00030911295</subfield>
    <subfield code="t">Copy 1</subfield>
    <subfield code="v">8</subfield>
    <subfield code="w">PREM</subfield>
  </datafield>
</record>