
<record>
  <leader>05774cam a2200625 i 4500</leader>
  <controlfield tag="001">10228894</controlfield>
  <controlfield tag="005">20200102130817.0</controlfield>
  <controlfield tag="008">840920s1911    ru acf        000 j rus  </controlfield>
  <datafield tag="906" ind1=" " ind2=" ">
    <subfield code="a">0</subfield>
    <subfield code="b">cbc</subfield>
    <subfield code="c">premver</subfield>
    <subfield code="d">2</subfield>
    <subfield code="e">ncip</subfield>
    <subfield code="f">19</subfield>
    <subfield code="g">y-gencatlg</subfield>
  </datafield>
  <datafield tag="955" ind1=" " ind2=" ">
    <subfield code="a">BFM ec01 2011-08-19 telework</subfield>
    <subfield code="i">he07 2019-12-26 NEW INPUT</subfield>
  </datafield>
  <datafield tag="010" ind1=" " ind2=" ">
    <subfield code="a">   48042182 </subfield>
  </datafield>
  <datafield tag="040" ind1=" " ind2=" ">
    <subfield code="a">DLC</subfield>
    <subfield code="b">eng</subfield>
    <subfield code="e">rda</subfield>
    <subfield code="c">DLC</subfield>
    <subfield code="d">DLC</subfield>
  </datafield>
  <datafield tag="042" ind1=" " ind2=" ">
    <subfield code="a">pcc</subfield>
  </datafield>
  <datafield tag="050" ind1="0" ind2="0">
    <subfield code="a">PG3332</subfield>
    <subfield code="b">.V4 1911</subfield>
  </datafield>
  <datafield tag="066" ind1=" " ind2=" ">
    <subfield code="c">(N</subfield>
    <subfield code="c">(Q</subfield>
  </datafield>
  <datafield tag="100" ind1="1" ind2=" ">
    <subfield code="6">880-01</subfield>
    <subfield code="a">Gogolʹ, Nikolaĭ Vasilʹevich,</subfield>
    <subfield code="d">1809-1852,</subfield>
    <subfield code="e">author.</subfield>
  </datafield>
  <datafield tag="880" ind1="1" ind2=" ">
    <subfield code="6">100-01/(N</subfield>
    <subfield code="a">Гоголь, Николай Васильевич,</subfield>
    <subfield code="d">1809-1852,</subfield>
    <subfield code="e">author.</subfield>
  </datafield>
  <datafield tag="245" ind1="1" ind2="0">
    <subfield code="6">880-02</subfield>
    <subfield code="a">Vechera na khutori︠e︡ blizʺ Dikanʹki. Mirgorodʺ /</subfield>
    <subfield code="c">N.V. Gogolʹ ; sʺ portretomʺ Gogoli︠a︡ po originalu A.A. Ivanova ; illi︠u︡strirovali khudozhniki S.M. Dudinʺ i N.I. Tkachenko.</subfield>
  </datafield>
  <datafield tag="880" ind1="1" ind2="0">
    <subfield code="6">245-02/(N</subfield>
    <subfield code="a">Вечера на хуторѣ близъ Диканьки. Миргородъ /</subfield>
    <subfield code="c">Н.В. Гоголь ; съ портретомъ Гоголя по оригиналу А.А. Иванова ; иллюстрировали художники С.М. Дудинъ и Н.И. Ткаченко.</subfield>
  </datafield>
  <datafield tag="246" ind1="3" ind2=" ">
    <subfield code="6">880-03</subfield>
    <subfield code="a">Vechera na khutore bliz Dikanʹki</subfield>
  </datafield>
  <datafield tag="880" ind1="3" ind2=" ">
    <subfield code="6">246-03/(N</subfield>
    <subfield code="a">Вечера на хуторе близ Диканьки</subfield>
  </datafield>
  <datafield tag="246" ind1="3" ind2="0">
    <subfield code="6">880-04</subfield>
    <subfield code="a">Mirgorodʺ</subfield>
  </datafield>
  <datafield tag="880" ind1="3" ind2="0">
    <subfield code="6">246-04/(N</subfield>
    <subfield code="a">Миргородъ</subfield>
  </datafield>
  <datafield tag="264" ind1=" " ind2="1">
    <subfield code="6">880-05</subfield>
    <subfield code="a">S.-Peterburgʺ :</subfield>
    <subfield code="b">Izdanīe A.F. Devrīena</subfield>
  </datafield>
  <datafield tag="880" ind1=" " ind2="1">
    <subfield code="6">264-05/(N</subfield>
    <subfield code="a">С.-Петербургъ :</subfield>
    <subfield code="b">Изданіе А.Ф. Девріена</subfield>
  </datafield>
  <datafield tag="264" ind1=" " ind2="3">
    <subfield code="6">880-06</subfield>
    <subfield code="a">S.-Peterburgʺ :</subfield>
    <subfield code="b">Tipografīi︠a︡ A. Benke vʺ S.-Peterburgi︠e︡</subfield>
  </datafield>
  <datafield tag="880" ind1=" " ind2="3">
    <subfield code="6">264-06/(N</subfield>
    <subfield code="a">С.-Петербургъ :</subfield>
    <subfield code="b">Типографія А. Бенке въ С.-Петербургѣ</subfield>
  </datafield>
  <datafield tag="264" ind1=" " ind2="3">
    <subfield code="6">880-07</subfield>
    <subfield code="a">S.-Peterburgʺ :</subfield>
    <subfield code="b">Klishe ispolneny khudozhestvennoĭ fotomekhanicheskoĭ masterskoĭ S.M. Prokudina-Gorskago vʺ S.-Peterburgi︠e︡,</subfield>
    <subfield code="c">1911.</subfield>
  </datafield>
  <datafield tag="880" ind1=" " ind2="3">
    <subfield code="6">264-07/(N</subfield>
    <subfield code="a">С.-Петербургъ :</subfield>
    <subfield code="b">Клише исполнены художественной фотомеханической мастерской С.М. Прокудина-Горскаго въ С.-Петербургѣ,</subfield>
    <subfield code="c">1911.</subfield>
  </datafield>
  <datafield tag="300" ind1=" " ind2=" ">
    <subfield code="a">443 pages, 3 unnumbered pages, 51 leaves of plates :</subfield>
    <subfield code="b">illustrations, portrait ;</subfield>
    <subfield code="c">32 cm</subfield>
  </datafield>
  <datafield tag="336" ind1=" " ind2=" ">
    <subfield code="a">text</subfield>
    <subfield code="b">txt</subfield>
    <subfield code="2">rdacontent</subfield>
  </datafield>
  <datafield tag="337" ind1=" " ind2=" ">
    <subfield code="a">unmediated</subfield>
    <subfield code="b">n</subfield>
    <subfield code="2">rdamedia</subfield>
  </datafield>
  <datafield tag="338" ind1=" " ind2=" ">
    <subfield code="a">volume</subfield>
    <subfield code="b">nc</subfield>
    <subfield code="2">rdacarrier</subfield>
  </datafield>
  <datafield tag="505" ind1="0" ind2=" ">
    <subfield code="6">880-08</subfield>
    <subfield code="a">Vechera na khutori︠e︡ blizʺ Dikanʹki. Chastʹ 1. Predislovīe -- Sorochinskai︠a︡ i︠a︡rmarka -- Vecherʺ nakanuni︠e︡ Ivana Kupala -- Maĭskai︠a︡ nochʹ, ili, utoplennit︠s︡a -- Propavshai︠a︡ gramota -- Chastʹ 2. Predislovīe -- Nochʹ peredʺ Rozhdestvomʺ -- Strashnai︠a︡ mestʹ -- Ivanʺ Fedorovichʺ Shponʹka i ego tetushka -- Zakaoldovannoe mi︠e︡sto. -- Mirgorodʺ. Chastʹ 1. Starosvi︠e︡tskīe pomi︡e︡shchiki -- Tarasʺ Bulʹba -- Chastʹ 2. Vīĭ -- Povi︠e︡stʹ o tomʺ kakʺ possorilsi︠a︡ Ivanʺ Ivanovichʺ sʺ Ivanomʺ Nikiforovichemʺ.</subfield>
  </datafield>
  <datafield tag="880" ind1="0" ind2=" ">
    <subfield code="6">505-08/(N</subfield>
    <subfield code="a">Вечера на хуторѣ близъ Диканьки. Часть 1. Предисловіе -- Сорочинская ярмарка -- Вечеръ наканунѣ Ивана Купала -- Майская ночь, или, утопленница -- Пропавшая грамота -- Часть 2. Предисловіе -- Ночь передъ Рождествомъ -- Страшная месть -- Иванъ Федоровичъ Шпонька и его тетушка -- Закаолдованное мѣсто. -- Миргородъ. Часть 1. Старосвѣтскіе помиещики -- Тарасъ Бульба -- Часть 2. Вій -- Повѣсть о томъ какъ поссорился Иванъ Ивановичъ съ Иваномъ Никифоровичемъ.</subfield>
  </datafield>
  <datafield tag="500" ind1=" " ind2=" ">
    <subfield code="6">880-09</subfield>
    <subfield code="a">&quot;Malorossīĭskīi︠a︡ slova,&quot; pages [441]-443.</subfield>
  </datafield>
  <datafield tag="880" ind1=" " ind2=" ">
    <subfield code="6">500-09/(N</subfield>
    <subfield code="a">&quot;Малороссійскія слова,&quot; pages [441]-443.</subfield>
  </datafield>
  <datafield tag="500" ind1=" " ind2=" ">
    <subfield code="a">Publisher&apos;s advertisements at end.</subfield>
  </datafield>
  <datafield tag="500" ind1=" " ind2=" ">
    <subfield code="a">Cloth covers printed in color in a geometric design.</subfield>
  </datafield>
  <datafield tag="561" ind1=" " ind2=" ">
    <subfield code="a">LC copy in original decorative cloth covers. Has Library of Congress accession number 542230 dated 1938. Has small shelf label with hand-lettered number: 917.</subfield>
    <subfield code="5">DLC</subfield>
  </datafield>
  <datafield tag="600" ind1="1" ind2="0">
    <subfield code="6">880-10</subfield>
    <subfield code="a">Gogolʹ, Nikolaĭ Vasilʹevich,</subfield>
    <subfield code="d">1809-1852</subfield>
    <subfield code="v">Illustrations.</subfield>
  </datafield>
  <datafield tag="880" ind1="1" ind2="4">
    <subfield code="6">600-10/(N</subfield>
    <subfield code="a">Гоголь, Николай Васильевич,</subfield>
    <subfield code="d">1809-1852</subfield>
    <subfield code="v">Illustrations.</subfield>
  </datafield>
  <datafield tag="700" ind1="1" ind2=" ">
    <subfield code="6">880-11</subfield>
    <subfield code="a">Ivanov, Aleksandr Andreevich,</subfield>
    <subfield code="d">1806-1858,</subfield>
    <subfield code="e">illustrator.</subfield>
  </datafield>
  <datafield tag="880" ind1="1" ind2=" ">
    <subfield code="6">700-11/(N</subfield>
    <subfield code="a">Иванов, Александр Андреевич,</subfield>
    <subfield code="d">1806-1858,</subfield>
    <subfield code="e">illustrator.</subfield>
  </datafield>
  <datafield tag="700" ind1="1" ind2=" ">
    <subfield code="6">880-12</subfield>
    <subfield code="a">Dudin, S. M.</subfield>
    <subfield code="q">(Samuil Martynovich),</subfield>
    <subfield code="d">1863-1929,</subfield>
    <subfield code="e">illustrator.</subfield>
  </datafield>
  <datafield tag="880" ind1="1" ind2=" ">
    <subfield code="6">700-12/(N</subfield>
    <subfield code="a">Дудин, С. М.</subfield>
    <subfield code="q">(Самуил Мартынович),</subfield>
    <subfield code="d">1863-1929,</subfield>
    <subfield code="e">illustrator.</subfield>
  </datafield>
  <datafield tag="700" ind1="1" ind2=" ">
    <subfield code="6">880-13</subfield>
    <subfield code="a">Tkachenko, Nikolaĭ Ivanovich,</subfield>
    <subfield code="d">1866-1913,</subfield>
    <subfield code="e">illustrator.</subfield>
  </datafield>
  <datafield tag="880" ind1="1" ind2=" ">
    <subfield code="6">700-13/(N</subfield>
    <subfield code="a">Ткаченко, Николай Иванович,</subfield>
    <subfield code="d">1866-1913,</subfield>
    <subfield code="e">illustrator.</subfield>
  </datafield>
  <datafield tag="700" ind1="1" ind2="2">
    <subfield code="6">880-15</subfield>
    <subfield code="a">Gogolʹ, Nikolaĭ Vasilʹevich,</subfield>
    <subfield code="d">1809-1852.</subfield>
    <subfield code="t">Mirgorod.</subfield>
  </datafield>
  <datafield tag="880" ind1="1" ind2="2">
    <subfield code="6">700-15/(N</subfield>
    <subfield code="a">Гоголь, Николай Васильевич,</subfield>
    <subfield code="d">1809-1852.</subfield>
    <subfield code="t">Миргород.</subfield>
  </datafield>
  <datafield tag="710" ind1="2" ind2=" ">
    <subfield code="6">880-16</subfield>
    <subfield code="a">A. F. Devrīenʺ (Firm),</subfield>
    <subfield code="e">publisher.</subfield>
  </datafield>
  <datafield tag="880" ind1="2" ind2=" ">
    <subfield code="6">710-16/(N</subfield>
    <subfield code="a">А. Ф. Девріенъ (Firm),</subfield>
    <subfield code="e">publisher.</subfield>
  </datafield>
  <datafield tag="710" ind1="2" ind2=" ">
    <subfield code="6">880-17</subfield>
    <subfield code="a">&quot;Fotot︠s︡inkograficheskai︠a︡ i fototekhnicheskai︠a︡ masterskai︠a︡&quot; S.M. Prokudina-Gorskogo,</subfield>
    <subfield code="e">printer.</subfield>
  </datafield>
  <datafield tag="880" ind1="2" ind2=" ">
    <subfield code="6">710-17/(N</subfield>
    <subfield code="a">&quot;Фотоцинкографическая и фототехническая мастерская&quot; С.М. Прокудина-Горского,</subfield>
    <subfield code="e">printer.</subfield>
  </datafield>
  <datafield tag="991" ind1=" " ind2=" ">
    <subfield code="b">c-GenColl</subfield>
    <subfield code="h">PG3332</subfield>
    <subfield code="i">.V4 1911</subfield>
    <subfield code="p">00025317130</subfield>
    <subfield code="t">Copy 1</subfield>
    <subfield code="w">PREM</subfield>
  </datafield>
</record>