
<record>
  <leader>01332cam a22002893u 4500</leader>
  <controlfield tag="001">10372811</controlfield>
  <controlfield tag="005">20200102144102.0</controlfield>
  <controlfield tag="008">840418s1958    xx            000 0 fre  </controlfield>
  <datafield tag="906" ind1=" " ind2=" ">
    <subfield code="a">7</subfield>
    <subfield code="b">cbc</subfield>
    <subfield code="c">premunv</subfield>
    <subfield code="d">u</subfield>
    <subfield code="e">ncip</subfield>
    <subfield code="f">19</subfield>
    <subfield code="g">y-gencatlg</subfield>
  </datafield>
  <datafield tag="035" ind1=" " ind2=" ">
    <subfield code="9">(DLC)   70002402</subfield>
  </datafield>
  <datafield tag="010" ind1=" " ind2=" ">
    <subfield code="a">   70002402 </subfield>
  </datafield>
  <datafield tag="040" ind1=" " ind2=" ">
    <subfield code="a">DLC</subfield>
    <subfield code="b">eng</subfield>
    <subfield code="c">CarP</subfield>
    <subfield code="d">DLC</subfield>
  </datafield>
  <datafield tag="050" ind1="0" ind2="0">
    <subfield code="a">PQ2639.Z3</subfield>
    <subfield code="b">R6</subfield>
  </datafield>
  <datafield tag="100" ind1="1" ind2=" ">
    <subfield code="a">Tzara, Tristan,</subfield>
    <subfield code="d">1896-1963.</subfield>
  </datafield>
  <datafield tag="245" ind1="1" ind2="3">
    <subfield code="a">La rose et le chien;</subfield>
    <subfield code="b">poème perpétuel.</subfield>
  </datafield>
  <datafield tag="260" ind1=" " ind2=" ">
    <subfield code="a">[Alès]</subfield>
    <subfield code="b">P. A. B[enoit,</subfield>
    <subfield code="c">1958]</subfield>
  </datafield>
  <datafield tag="300" ind1=" " ind2=" ">
    <subfield code="a">[3] l.</subfield>
    <subfield code="b">front.</subfield>
    <subfield code="c">29 cm.</subfield>
  </datafield>
  <datafield tag="500" ind1=" " ind2=" ">
    <subfield code="a">The poem, printed ona a volvelle, has interchangeable words.</subfield>
  </datafield>
  <datafield tag="500" ind1=" " ind2=" ">
    <subfield code="a">&quot;The entire design of the book was in the hands of Picasso, who contributed an etched frontispiece... made a purely ornamental etching for the revolving wheel... and etched a circular tail vignette for the page containing the colophon.&quot; --Abraham Horodisch.Picasso as a book artist [1962] p. 96-97.</subfield>
  </datafield>
  <datafield tag="500" ind1=" " ind2=" ">
    <subfield code="a">&quot;22 exemplaires.&quot; No. 19.</subfield>
    <subfield code="5">DLC</subfield>
  </datafield>
  <datafield tag="510" ind1="4" ind2=" ">
    <subfield code="a">Library of Congress. Lessing J. Rosenwald collection,</subfield>
    <subfield code="c">2221</subfield>
  </datafield>
  <datafield tag="700" ind1="1" ind2=" ">
    <subfield code="a">Picasso, Pablo,</subfield>
    <subfield code="d">1881-1973.</subfield>
  </datafield>
  <datafield tag="710" ind1="2" ind2=" ">
    <subfield code="a">Lessing J. Rosenwald Collection (Library of Congress)</subfield>
    <subfield code="5">DLC</subfield>
  </datafield>
  <datafield tag="952" ind1=" " ind2=" ">
    <subfield code="a">LAC sba 2020-01-02 update (1 card)</subfield>
  </datafield>
  <datafield tag="984" ind1=" " ind2=" ">
    <subfield code="a">rsl</subfield>
    <subfield code="d">2020-01-02</subfield>
  </datafield>
  <datafield tag="985" ind1=" " ind2=" ">
    <subfield code="a">rblacfederal</subfield>
    <subfield code="d">20200102</subfield>
  </datafield>
  <datafield tag="991" ind1=" " ind2=" ">
    <subfield code="b">c-RareBook</subfield>
    <subfield code="h">PQ2639.Z3</subfield>
    <subfield code="i">R6</subfield>
    <subfield code="t">Copy 1</subfield>
    <subfield code="m">Rosenwald Coll</subfield>
    <subfield code="w">PREM</subfield>
  </datafield>
</record>