
<record>
  <leader>05195cas a2200829 a 4500</leader>
  <controlfield tag="001">10614271</controlfield>
  <controlfield tag="005">20200102092853.0</controlfield>
  <controlfield tag="008">870506c19669999ru br p       0   c0rusoc</controlfield>
  <datafield tag="906" ind1=" " ind2=" ">
    <subfield code="a">7</subfield>
    <subfield code="b">cbc</subfield>
    <subfield code="c">serials</subfield>
    <subfield code="d">3</subfield>
    <subfield code="e">ncip</subfield>
    <subfield code="f">20</subfield>
    <subfield code="g">n-oclcserc</subfield>
  </datafield>
  <datafield tag="925" ind1="0" ind2=" ">
    <subfield code="a">Acquire</subfield>
    <subfield code="b">1 shelf copy</subfield>
    <subfield code="x">policy default</subfield>
  </datafield>
  <datafield tag="955" ind1=" " ind2=" ">
    <subfield code="i">dd15 2008-04-21 for BIP</subfield>
    <subfield code="a">Barcode 00279817552 returned from bindery 2010-07-08</subfield>
    <subfield code="a">Barcode 00279817540 returned from bindery 2010-07-08</subfield>
    <subfield code="a">fe21 2020-01-02 CD supplement to 2019:no.7 to MBRS</subfield>
  </datafield>
  <datafield tag="010" ind1=" " ind2=" ">
    <subfield code="a">  2002225220</subfield>
  </datafield>
  <datafield tag="016" ind1="7" ind2=" ">
    <subfield code="a">008517707</subfield>
    <subfield code="2">Uk</subfield>
  </datafield>
  <datafield tag="022" ind1=" " ind2=" ">
    <subfield code="a">0130-0776</subfield>
    <subfield code="y">0042-8957</subfield>
  </datafield>
  <datafield tag="035" ind1=" " ind2=" ">
    <subfield code="a">(OCoLC)ocm02167744</subfield>
  </datafield>
  <datafield tag="040" ind1=" " ind2=" ">
    <subfield code="a">COO</subfield>
    <subfield code="b">eng</subfield>
    <subfield code="c">COO</subfield>
    <subfield code="d">IUL</subfield>
    <subfield code="d">OCL</subfield>
    <subfield code="d">CRL</subfield>
    <subfield code="d">DLC</subfield>
    <subfield code="d">OCLCA</subfield>
    <subfield code="d">OCLCQ</subfield>
    <subfield code="d">UKMGB</subfield>
    <subfield code="d">DLC</subfield>
    <subfield code="d">IUL</subfield>
    <subfield code="d">OCLCO</subfield>
    <subfield code="d">OCLCF</subfield>
    <subfield code="d">OCLCO</subfield>
    <subfield code="d">OCLCA</subfield>
    <subfield code="d">OCLCQ</subfield>
    <subfield code="d">DLC</subfield>
  </datafield>
  <datafield tag="042" ind1=" " ind2=" ">
    <subfield code="a">pcc</subfield>
  </datafield>
  <datafield tag="043" ind1=" " ind2=" ">
    <subfield code="a">e-ur---</subfield>
    <subfield code="a">e-ru---</subfield>
  </datafield>
  <datafield tag="050" ind1="0" ind2="0">
    <subfield code="a">L51</subfield>
    <subfield code="b">.V67</subfield>
  </datafield>
  <datafield tag="066" ind1=" " ind2=" ">
    <subfield code="c">(N</subfield>
  </datafield>
  <datafield tag="245" ind1="0" ind2="0">
    <subfield code="6">880-01</subfield>
    <subfield code="a">Vospitanie shkolʹnikov.</subfield>
  </datafield>
  <datafield tag="260" ind1=" " ind2=" ">
    <subfield code="6">880-02</subfield>
    <subfield code="a">Moskva :</subfield>
    <subfield code="b">Izd-vo Prosveshchenie,</subfield>
    <subfield code="c">1966-</subfield>
  </datafield>
  <datafield tag="300" ind1=" " ind2=" ">
    <subfield code="a">volumes :</subfield>
    <subfield code="b">illustrations ;</subfield>
    <subfield code="c">26 cm</subfield>
  </datafield>
  <datafield tag="310" ind1=" " ind2=" ">
    <subfield code="a">Eight no. a year,</subfield>
    <subfield code="b">&lt;2019-&gt;</subfield>
  </datafield>
  <datafield tag="321" ind1=" " ind2=" ">
    <subfield code="a">Bimonthly,</subfield>
    <subfield code="b">&lt;-1997&gt;</subfield>
  </datafield>
  <datafield tag="336" ind1=" " ind2=" ">
    <subfield code="a">text</subfield>
    <subfield code="b">txt</subfield>
    <subfield code="2">rdacontent</subfield>
  </datafield>
  <datafield tag="337" ind1=" " ind2=" ">
    <subfield code="a">unmediated</subfield>
    <subfield code="b">n</subfield>
    <subfield code="2">rdamedia</subfield>
  </datafield>
  <datafield tag="338" ind1=" " ind2=" ">
    <subfield code="a">volume</subfield>
    <subfield code="b">nc</subfield>
    <subfield code="2">rdacarrier</subfield>
  </datafield>
  <datafield tag="362" ind1="0" ind2=" ">
    <subfield code="a">1966, no 1-</subfield>
  </datafield>
  <datafield tag="500" ind1=" " ind2=" ">
    <subfield code="a">Title from cover.</subfield>
  </datafield>
  <datafield tag="500" ind1=" " ind2=" ">
    <subfield code="6">880-03</subfield>
    <subfield code="a">Published by: Pedagogika, 1969, no. 6- ; Shkola-Press, &lt;1996-1997&gt;</subfield>
  </datafield>
  <datafield tag="500" ind1=" " ind2=" ">
    <subfield code="a">Some issues are accompanied by CD-ROMs.</subfield>
  </datafield>
  <datafield tag="515" ind1=" " ind2=" ">
    <subfield code="6">880-04</subfield>
    <subfield code="a">Issues for 1966-1972 also carry year of publication designation: 1. g. izd.-7. g. izd.</subfield>
  </datafield>
  <datafield tag="550" ind1=" " ind2=" ">
    <subfield code="6">880-05</subfield>
    <subfield code="a">Journal of: Ministerstvo prosveshchenii︠a︡ RSFSR, 1966-1967, no. 4; Ministerstvo prosveshchenii︠a︡ SSSR, 1967, no. 5- ; Gosudarstvennogo komiteta SSSR po narodomu obrazovanii︠u︡, &lt;1991-&gt;; Ministerstvo obrazovanii︠a︡ Rossiĭskoĭ Federat︠s︡ii, -1996; Ministerstvo obshchego i professionalʹnogo obrazovanii︠a︡ Rossiĭskoĭ Federat︠s︡ii, 1997-</subfield>
  </datafield>
  <datafield tag="588" ind1=" " ind2=" ">
    <subfield code="6">880-06</subfield>
    <subfield code="a">Latest issue consulted: 97/7 (noi︠a︡brʹ/dek. 1997).</subfield>
  </datafield>
  <datafield tag="592" ind1=" " ind2=" ">
    <subfield code="a">ACQN: aq 95016759</subfield>
  </datafield>
  <datafield tag="650" ind1=" " ind2="0">
    <subfield code="a">Education</subfield>
    <subfield code="z">Soviet Union</subfield>
    <subfield code="v">Periodicals.</subfield>
  </datafield>
  <datafield tag="650" ind1=" " ind2="0">
    <subfield code="a">Teaching</subfield>
    <subfield code="z">Soviet Union</subfield>
    <subfield code="v">Periodicals.</subfield>
  </datafield>
  <datafield tag="650" ind1=" " ind2="0">
    <subfield code="a">Education</subfield>
    <subfield code="z">Russia (Federation)</subfield>
    <subfield code="v">Periodicals.</subfield>
  </datafield>
  <datafield tag="650" ind1=" " ind2="0">
    <subfield code="a">Teaching</subfield>
    <subfield code="z">Russia (Federation)</subfield>
    <subfield code="v">Periodicals.</subfield>
  </datafield>
  <datafield tag="650" ind1=" " ind2="7">
    <subfield code="a">Education.</subfield>
    <subfield code="2">fast</subfield>
    <subfield code="0">(OCoLC)fst00902499</subfield>
  </datafield>
  <datafield tag="650" ind1=" " ind2="7">
    <subfield code="a">Teaching.</subfield>
    <subfield code="2">fast</subfield>
    <subfield code="0">(OCoLC)fst01144565</subfield>
  </datafield>
  <datafield tag="651" ind1=" " ind2="7">
    <subfield code="a">Russia (Federation)</subfield>
    <subfield code="2">fast</subfield>
    <subfield code="0">(OCoLC)fst01262050</subfield>
  </datafield>
  <datafield tag="651" ind1=" " ind2="7">
    <subfield code="a">Soviet Union.</subfield>
    <subfield code="2">fast</subfield>
    <subfield code="0">(OCoLC)fst01210281</subfield>
  </datafield>
  <datafield tag="655" ind1=" " ind2="7">
    <subfield code="a">Periodicals.</subfield>
    <subfield code="2">fast</subfield>
    <subfield code="0">(OCoLC)fst01411641</subfield>
  </datafield>
  <datafield tag="710" ind1="1" ind2=" ">
    <subfield code="6">880-07</subfield>
    <subfield code="a">Russian S.F.S.R.</subfield>
    <subfield code="b">Ministerstvo prosveshchenii︠a︡.</subfield>
  </datafield>
  <datafield tag="710" ind1="1" ind2=" ">
    <subfield code="6">880-08</subfield>
    <subfield code="a">Soviet Union.</subfield>
    <subfield code="b">Ministerstvo prosveshchenii︠a︡.</subfield>
  </datafield>
  <datafield tag="710" ind1="1" ind2=" ">
    <subfield code="6">880-09</subfield>
    <subfield code="a">Soviet Union.</subfield>
    <subfield code="b">Gosudarstvennyĭ komitet po narodnomu obrazovanii︠u︡.</subfield>
  </datafield>
  <datafield tag="710" ind1="1" ind2=" ">
    <subfield code="6">880-10</subfield>
    <subfield code="a">Russia (Federation).</subfield>
    <subfield code="b">Ministerstvo obrazovanii︠a︡.</subfield>
  </datafield>
  <datafield tag="710" ind1="1" ind2=" ">
    <subfield code="6">880-11</subfield>
    <subfield code="a">Russia (Federation).</subfield>
    <subfield code="b">Ministerstvo obshchego i professionalʹnogo obrazovanii︠a︡.</subfield>
  </datafield>
  <datafield tag="776" ind1="0" ind2="8">
    <subfield code="6">880-12</subfield>
    <subfield code="i">Online version:</subfield>
    <subfield code="t">Vospitanie shkolʹnikov</subfield>
    <subfield code="w">(OCoLC)761925761</subfield>
  </datafield>
  <datafield tag="780" ind1="0" ind2="0">
    <subfield code="6">880-13</subfield>
    <subfield code="t">Shkola-internat</subfield>
    <subfield code="w">(DLC)sf 90090835</subfield>
    <subfield code="w">(OCoLC)4826311</subfield>
  </datafield>
  <datafield tag="850" ind1=" " ind2=" ">
    <subfield code="a">DLC</subfield>
  </datafield>
  <datafield tag="880" ind1="0" ind2="0">
    <subfield code="6">245-01/(N</subfield>
    <subfield code="a">Воспитание школьников.</subfield>
  </datafield>
  <datafield tag="880" ind1=" " ind2=" ">
    <subfield code="6">260-02/(N</subfield>
    <subfield code="a">Москва :</subfield>
    <subfield code="b">Изд-во Просвещение,</subfield>
    <subfield code="c">1966-</subfield>
  </datafield>
  <datafield tag="880" ind1=" " ind2=" ">
    <subfield code="6">500-03/(N</subfield>
    <subfield code="a">Published by: Педагогика, 1969, nо. 6- ; Школа-Пресс, &lt;1996-1997&gt;</subfield>
  </datafield>
  <datafield tag="880" ind1=" " ind2=" ">
    <subfield code="6">515-04/(N</subfield>
    <subfield code="a">Issues for 1966-1972 also carry year of publication designation: 1. г. изд.-7. г. изд.</subfield>
  </datafield>
  <datafield tag="880" ind1=" " ind2=" ">
    <subfield code="6">550-05/(N</subfield>
    <subfield code="a">Journal of: Министерство просвещения РСФСР, 1966-1967, nо. 4; Министерство просвещения СССР, 1967, nо. 5- ; Государственного комитета СССР по народому образованию, &lt;1991-&gt;; Министерство образования Российской Федерации, -1996; Министерство общего и профессионального образования Российской Федерации, 1997-</subfield>
  </datafield>
  <datafield tag="880" ind1=" " ind2=" ">
    <subfield code="6">588-06/(N</subfield>
    <subfield code="a">Latest issue consulted: 97/7 (ноябрь/дек. 1997).</subfield>
  </datafield>
  <datafield tag="880" ind1="1" ind2=" ">
    <subfield code="6">710-07/(N</subfield>
    <subfield code="a">Russian S.F.S.R.</subfield>
    <subfield code="b">Министерство просвещения.</subfield>
  </datafield>
  <datafield tag="880" ind1="1" ind2=" ">
    <subfield code="6">710-08/(N</subfield>
    <subfield code="a">Soviet Union.</subfield>
    <subfield code="b">Министерство просвещения.</subfield>
  </datafield>
  <datafield tag="880" ind1="1" ind2=" ">
    <subfield code="6">710-09/(N</subfield>
    <subfield code="a">Soviet Union.</subfield>
    <subfield code="b">Государственный комитет по народному образованию.</subfield>
  </datafield>
  <datafield tag="880" ind1="1" ind2=" ">
    <subfield code="6">710-10/(N</subfield>
    <subfield code="a">Russia (Federation).</subfield>
    <subfield code="b">Министерство образования.</subfield>
  </datafield>
  <datafield tag="880" ind1="1" ind2=" ">
    <subfield code="6">710-11/(N</subfield>
    <subfield code="a">Russia (Federation).</subfield>
    <subfield code="b">Министерство общего и профессионального образования.</subfield>
  </datafield>
  <datafield tag="880" ind1="0" ind2="8">
    <subfield code="6">776-12/(N</subfield>
    <subfield code="i">Online version:</subfield>
    <subfield code="t">Воспитание школьников</subfield>
    <subfield code="w">(OCoLC)761925761</subfield>
  </datafield>
  <datafield tag="880" ind1="0" ind2="0">
    <subfield code="6">780-13/(N</subfield>
    <subfield code="t">Школа-интернат</subfield>
    <subfield code="w">(DLC)sf 90090835</subfield>
    <subfield code="w">(OCoLC)4826311</subfield>
  </datafield>
  <datafield tag="890" ind1=" " ind2=" ">
    <subfield code="a">Vospitanie shkol&apos;nikov.  (Russia (1917-  R.S.F.S.F.) Ministerstvo prosveshchenii︠a︡)  Moskva.  1966-  .</subfield>
    <subfield code="i">sv87-9742</subfield>
  </datafield>
  <datafield tag="920" ind1=" " ind2=" ">
    <subfield code="a">Keep 1</subfield>
  </datafield>
  <datafield tag="984" ind1=" " ind2=" ">
    <subfield code="a">srvf</subfield>
    <subfield code="d">2001-12-21</subfield>
  </datafield>
  <datafield tag="991" ind1=" " ind2=" ">
    <subfield code="b">c-GenColl</subfield>
    <subfield code="c">Eur RR</subfield>
    <subfield code="h">L51.V67</subfield>
    <subfield code="w">SERLOC</subfield>
  </datafield>
  <datafield tag="991" ind1=" " ind2=" ">
    <subfield code="b">c-Ser</subfield>
    <subfield code="w">ACQUIRE</subfield>
  </datafield>
  <datafield tag="992" ind1=" " ind2=" ">
    <subfield code="b">EMPTY</subfield>
    <subfield code="w">ACQUIRE</subfield>
  </datafield>
</record>