
<record>
  <leader>00439cas a22001573  4500</leader>
  <controlfield tag="001">10972230</controlfield>
  <controlfield tag="005">20200102100419.0</controlfield>
  <controlfield tag="008">920422u        ci  u         0    0und  </controlfield>
  <datafield tag="906" ind1=" " ind2=" ">
    <subfield code="a">0</subfield>
    <subfield code="b">bbc</subfield>
    <subfield code="c">serlocs</subfield>
    <subfield code="d">u</subfield>
    <subfield code="e">ncip</subfield>
    <subfield code="f">19</subfield>
    <subfield code="g">ilsserca</subfield>
  </datafield>
  <datafield tag="035" ind1=" " ind2=" ">
    <subfield code="9">(DLC)sv 92030103</subfield>
  </datafield>
  <datafield tag="010" ind1=" " ind2=" ">
    <subfield code="a">sv 92030103 </subfield>
  </datafield>
  <datafield tag="245" ind1="0" ind2="0">
    <subfield code="a">Kritika. Književno umjetnička revija.</subfield>
  </datafield>
  <datafield tag="310" ind1=" " ind2=" ">
    <subfield code="a">Unknown</subfield>
  </datafield>
  <datafield tag="590" ind1=" " ind2=" ">
    <subfield code="a">Holdings in 3x5 file.</subfield>
  </datafield>
  <datafield tag="920" ind1=" " ind2=" ">
    <subfield code="a">Keep 1</subfield>
  </datafield>
  <datafield tag="991" ind1=" " ind2=" ">
    <subfield code="b">c-GenColl</subfield>
    <subfield code="c">Unk</subfield>
    <subfield code="h">AP95.C7K7</subfield>
    <subfield code="w">SERLOC</subfield>
  </datafield>
</record>