
<record>
  <leader>03022cas a2200709 a 4500</leader>
  <controlfield tag="001">11157762</controlfield>
  <controlfield tag="005">20200102075644.0</controlfield>
  <controlfield tag="008">750817d19651968enksr p       0   a0eng c</controlfield>
  <datafield tag="010" ind1=" " ind2=" ">
    <subfield code="a">   65009871 </subfield>
    <subfield code="z">sn 84044472 </subfield>
  </datafield>
  <datafield tag="016" ind1="7" ind2=" ">
    <subfield code="a">0313736</subfield>
    <subfield code="2">DNLM</subfield>
  </datafield>
  <datafield tag="016" ind1="7" ind2=" ">
    <subfield code="a">C15180000</subfield>
    <subfield code="2">DNLM</subfield>
  </datafield>
  <datafield tag="016" ind1="7" ind2=" ">
    <subfield code="a">009542521</subfield>
    <subfield code="2">Uk</subfield>
  </datafield>
  <datafield tag="022" ind1=" " ind2=" ">
    <subfield code="a">0009-241X</subfield>
    <subfield code="l">0009-241X</subfield>
    <subfield code="z">0577-6058</subfield>
    <subfield code="2">2</subfield>
  </datafield>
  <datafield tag="030" ind1=" " ind2=" ">
    <subfield code="a">CCOMAB</subfield>
  </datafield>
  <datafield tag="030" ind1=" " ind2=" ">
    <subfield code="a">CCOMA8</subfield>
  </datafield>
  <datafield tag="035" ind1=" " ind2=" ">
    <subfield code="a">(OCoLC)ocm01553959 </subfield>
  </datafield>
  <datafield tag="040" ind1=" " ind2=" ">
    <subfield code="a">MUL</subfield>
    <subfield code="b">eng</subfield>
    <subfield code="c">MUL</subfield>
    <subfield code="d">UCU</subfield>
    <subfield code="d">COO</subfield>
    <subfield code="d">YUS</subfield>
    <subfield code="d">IUL</subfield>
    <subfield code="d">NYG</subfield>
    <subfield code="d">RCS</subfield>
    <subfield code="d">IUL</subfield>
    <subfield code="d">DLC</subfield>
    <subfield code="d">OCL</subfield>
    <subfield code="d">NST</subfield>
    <subfield code="d">DLC</subfield>
    <subfield code="d">NST</subfield>
    <subfield code="d">AGL</subfield>
    <subfield code="d">NLM</subfield>
    <subfield code="d">OCLCQ</subfield>
    <subfield code="d">CUS</subfield>
    <subfield code="d">NLGGC</subfield>
    <subfield code="d">OCLCQ</subfield>
    <subfield code="d">CGU</subfield>
    <subfield code="d">DRB</subfield>
    <subfield code="d">TOH</subfield>
    <subfield code="d">UKMGB</subfield>
    <subfield code="d">VRC</subfield>
    <subfield code="d">OCLCF</subfield>
    <subfield code="d">ORZ</subfield>
    <subfield code="d">OCLCO</subfield>
    <subfield code="d">EUW</subfield>
    <subfield code="d">OCLCO</subfield>
    <subfield code="d">IUL</subfield>
    <subfield code="d">OCLCQ</subfield>
    <subfield code="d">OCLCO</subfield>
    <subfield code="d">RDF</subfield>
    <subfield code="d">OCLCO</subfield>
    <subfield code="d">OCLCQ</subfield>
    <subfield code="d">OCLCO</subfield>
    <subfield code="d">RCE</subfield>
    <subfield code="d">OCLCA</subfield>
    <subfield code="d">OCLCQ</subfield>
    <subfield code="d">OCLCA</subfield>
    <subfield code="d">CGU</subfield>
    <subfield code="d">ORU</subfield>
  </datafield>
  <datafield tag="042" ind1=" " ind2=" ">
    <subfield code="a">pcc</subfield>
  </datafield>
  <datafield tag="050" ind1="0" ind2="0">
    <subfield code="a">QD1</subfield>
    <subfield code="b">.C48</subfield>
  </datafield>
  <datafield tag="060" ind1="0" ind2="0">
    <subfield code="a">W1</subfield>
    <subfield code="b">CH246D</subfield>
  </datafield>
  <datafield tag="070" ind1="0" ind2=" ">
    <subfield code="a">382</subfield>
    <subfield code="b">C4223</subfield>
  </datafield>
  <datafield tag="072" ind1=" " ind2="0">
    <subfield code="a">X500</subfield>
  </datafield>
  <datafield tag="210" ind1="0" ind2=" ">
    <subfield code="a">Chem. commun.</subfield>
    <subfield code="b">(1965)</subfield>
  </datafield>
  <datafield tag="222" ind1=" " ind2="0">
    <subfield code="a">Chemical communications</subfield>
    <subfield code="b">(1965)</subfield>
  </datafield>
  <datafield tag="245" ind1="0" ind2="0">
    <subfield code="a">Chemical communications /</subfield>
    <subfield code="c">Chemical Society, London.</subfield>
  </datafield>
  <datafield tag="260" ind1=" " ind2=" ">
    <subfield code="a">London :</subfield>
    <subfield code="b">The Society,</subfield>
    <subfield code="c">©1965-©1968.</subfield>
  </datafield>
  <datafield tag="300" ind1=" " ind2=" ">
    <subfield code="a">96 volumes :</subfield>
    <subfield code="b">illustrations ;</subfield>
    <subfield code="c">26 cm</subfield>
  </datafield>
  <datafield tag="310" ind1=" " ind2=" ">
    <subfield code="a">Semimonthly</subfield>
  </datafield>
  <datafield tag="336" ind1=" " ind2=" ">
    <subfield code="a">text</subfield>
    <subfield code="b">txt</subfield>
    <subfield code="2">rdacontent</subfield>
  </datafield>
  <datafield tag="337" ind1=" " ind2=" ">
    <subfield code="a">unmediated</subfield>
    <subfield code="b">n</subfield>
    <subfield code="2">rdamedia</subfield>
  </datafield>
  <datafield tag="338" ind1=" " ind2=" ">
    <subfield code="a">volume</subfield>
    <subfield code="b">nc</subfield>
    <subfield code="2">rdacarrier</subfield>
  </datafield>
  <datafield tag="362" ind1="0" ind2=" ">
    <subfield code="a">1965/1 (13 Jan. 1965)-1968/24 (18 Dec. 1968).</subfield>
  </datafield>
  <datafield tag="500" ind1=" " ind2=" ">
    <subfield code="a">Title from cover.</subfield>
  </datafield>
  <datafield tag="590" ind1=" " ind2=" ">
    <subfield code="a">SERBIB/SERLOC merged record</subfield>
  </datafield>
  <datafield tag="650" ind1=" " ind2="0">
    <subfield code="a">Chemistry</subfield>
    <subfield code="v">Periodicals.</subfield>
  </datafield>
  <datafield tag="650" ind1=" " ind2="2">
    <subfield code="a">Chemistry.</subfield>
  </datafield>
  <datafield tag="650" ind1=" " ind2="7">
    <subfield code="a">Chemistry.</subfield>
    <subfield code="2">fast</subfield>
    <subfield code="0">(OCoLC)fst00853344</subfield>
  </datafield>
  <datafield tag="650" ind1="1" ind2="7">
    <subfield code="a">Chemie.</subfield>
    <subfield code="2">gtt</subfield>
  </datafield>
  <datafield tag="655" ind1=" " ind2="0">
    <subfield code="a">Electronic journals.</subfield>
  </datafield>
  <datafield tag="655" ind1=" " ind2="2">
    <subfield code="a">Periodical.</subfield>
  </datafield>
  <datafield tag="655" ind1=" " ind2="4">
    <subfield code="a">Electronic journals.</subfield>
  </datafield>
  <datafield tag="655" ind1=" " ind2="7">
    <subfield code="a">Periodicals.</subfield>
    <subfield code="2">fast</subfield>
    <subfield code="0">(OCoLC)fst01411641</subfield>
  </datafield>
  <datafield tag="710" ind1="2" ind2=" ">
    <subfield code="a">Chemical Society (Great Britain)</subfield>
  </datafield>
  <datafield tag="776" ind1="0" ind2="8">
    <subfield code="i">Online version:</subfield>
    <subfield code="t">Chemical communications</subfield>
    <subfield code="x">2050-5620</subfield>
    <subfield code="w">(DLC)  2019260099</subfield>
    <subfield code="w">(OCoLC)56074187</subfield>
  </datafield>
  <datafield tag="785" ind1="0" ind2="0">
    <subfield code="t">Journal of the Chemical Society. D, Chemical communications</subfield>
    <subfield code="x">0009-241X</subfield>
    <subfield code="w">(DLC)   91645400</subfield>
    <subfield code="w">(OCoLC)1554003</subfield>
  </datafield>
  <datafield tag="850" ind1=" " ind2=" ">
    <subfield code="a">AzU</subfield>
    <subfield code="a">CU-RivP</subfield>
    <subfield code="a">CaNSHD</subfield>
    <subfield code="a">DLC</subfield>
    <subfield code="a">DNAL</subfield>
    <subfield code="a">InU</subfield>
    <subfield code="a">NBuU-C</subfield>
    <subfield code="a">OU</subfield>
  </datafield>
  <datafield tag="859" ind1="4" ind2="1">
    <subfield code="u">http://xlink.rsc.org/jumptojournal.cfm?journal_code=C1</subfield>
  </datafield>
  <datafield tag="853" ind1="2" ind2="0">
    <subfield code="8">1</subfield>
    <subfield code="a">[no.]</subfield>
    <subfield code="u">24</subfield>
    <subfield code="v">r</subfield>
    <subfield code="i">(year)</subfield>
    <subfield code="j">(month)</subfield>
    <subfield code="k">(day)</subfield>
    <subfield code="w">s</subfield>
  </datafield>
  <datafield tag="853" ind1="4" ind2="1">
    <subfield code="8">1.1</subfield>
    <subfield code="a">1</subfield>
    <subfield code="i">1965</subfield>
    <subfield code="j">0</subfield>
    <subfield code="k">13</subfield>
  </datafield>
  <datafield tag="890" ind1=" " ind2=" ">
    <subfield code="a">Chemical communications.  (Chemical Society, London)</subfield>
    <subfield code="i">65-9871</subfield>
  </datafield>
  <datafield tag="906" ind1=" " ind2=" ">
    <subfield code="a">7</subfield>
    <subfield code="b">cbc</subfield>
    <subfield code="c">serials</subfield>
    <subfield code="d">u</subfield>
    <subfield code="e">ncip</subfield>
    <subfield code="f">19</subfield>
    <subfield code="g">n-oclcserc</subfield>
  </datafield>
  <datafield tag="920" ind1=" " ind2=" ">
    <subfield code="a">Keep 1</subfield>
  </datafield>
  <datafield tag="991" ind1=" " ind2=" ">
    <subfield code="b">c-GenColl</subfield>
    <subfield code="h">QD1</subfield>
    <subfield code="i">.C48</subfield>
    <subfield code="w">SERIALS</subfield>
  </datafield>
  <datafield tag="991" ind1=" " ind2=" ">
    <subfield code="b">c-GenColl</subfield>
    <subfield code="h">QD1</subfield>
    <subfield code="i">.C48</subfield>
    <subfield code="p">00038168708</subfield>
    <subfield code="t">Copy 1</subfield>
    <subfield code="v">* 1967 :JULY-DEC</subfield>
    <subfield code="w">CCF</subfield>
  </datafield>
  <datafield tag="991" ind1=" " ind2=" ">
    <subfield code="b">c-GenColl</subfield>
    <subfield code="h">QD1</subfield>
    <subfield code="i">.C48</subfield>
    <subfield code="p">00038156810</subfield>
    <subfield code="t">Copy 1</subfield>
    <subfield code="v">* 1965 :JAN-JUNE</subfield>
    <subfield code="w">CCF</subfield>
  </datafield>
  <datafield tag="991" ind1=" " ind2=" ">
    <subfield code="b">c-GenColl</subfield>
    <subfield code="h">QD1</subfield>
    <subfield code="i">.C48</subfield>
    <subfield code="p">00038156536</subfield>
    <subfield code="t">Copy 1</subfield>
    <subfield code="v">* 1968 :JULY-DEC</subfield>
    <subfield code="w">CCF</subfield>
  </datafield>
  <datafield tag="991" ind1=" " ind2=" ">
    <subfield code="b">c-GenColl</subfield>
    <subfield code="h">QD1</subfield>
    <subfield code="i">.C48</subfield>
    <subfield code="p">00038156573</subfield>
    <subfield code="t">Copy 1</subfield>
    <subfield code="v">* 1968 :JAN-JUNE</subfield>
    <subfield code="w">CCF</subfield>
  </datafield>
  <datafield tag="991" ind1=" " ind2=" ">
    <subfield code="b">c-GenColl</subfield>
    <subfield code="h">QD1</subfield>
    <subfield code="i">.C48</subfield>
    <subfield code="p">00038156652</subfield>
    <subfield code="t">Copy 1</subfield>
    <subfield code="v">* 1967 :JAN-JUNE</subfield>
    <subfield code="w">CCF</subfield>
  </datafield>
  <datafield tag="991" ind1=" " ind2=" ">
    <subfield code="b">c-GenColl</subfield>
    <subfield code="h">QD1</subfield>
    <subfield code="i">.C48</subfield>
    <subfield code="p">00038156779</subfield>
    <subfield code="t">Copy 1</subfield>
    <subfield code="v">* 1965 :JULY-DEC</subfield>
    <subfield code="w">CCF</subfield>
  </datafield>
  <datafield tag="991" ind1=" " ind2=" ">
    <subfield code="b">c-GenColl</subfield>
    <subfield code="h">QD1</subfield>
    <subfield code="i">.C48</subfield>
    <subfield code="p">00038156731</subfield>
    <subfield code="t">Copy 1</subfield>
    <subfield code="v">* 1966 :JAN-JUNE</subfield>
    <subfield code="w">CCF</subfield>
  </datafield>
  <datafield tag="991" ind1=" " ind2=" ">
    <subfield code="b">c-GenColl</subfield>
    <subfield code="h">QD1</subfield>
    <subfield code="i">.C48</subfield>
    <subfield code="p">0003815669A</subfield>
    <subfield code="t">Copy 1</subfield>
    <subfield code="v">* 1966 :JULY-DEC</subfield>
    <subfield code="w">CCF</subfield>
  </datafield>
  <datafield tag="992" ind1=" " ind2=" ">
    <subfield code="b">SER</subfield>
    <subfield code="w">SERLOC</subfield>
  </datafield>
</record>