
<record>
  <leader>02660cas a2200577 a 4500</leader>
  <controlfield tag="001">11388045</controlfield>
  <controlfield tag="005">20200102075645.0</controlfield>
  <controlfield tag="008">830808d19701971enksr p       0   a0eng c</controlfield>
  <datafield tag="010" ind1=" " ind2=" ">
    <subfield code="a">   91645401 </subfield>
    <subfield code="z">sn 84044471 </subfield>
  </datafield>
  <datafield tag="016" ind1="7" ind2=" ">
    <subfield code="a">J15800000</subfield>
    <subfield code="2">DNLM</subfield>
  </datafield>
  <datafield tag="022" ind1=" " ind2=" ">
    <subfield code="a">0009-241X</subfield>
    <subfield code="l">0009-241X</subfield>
    <subfield code="2">2</subfield>
  </datafield>
  <datafield tag="035" ind1=" " ind2=" ">
    <subfield code="a">(OCoLC)ocm09789030 </subfield>
  </datafield>
  <datafield tag="040" ind1=" " ind2=" ">
    <subfield code="a">NYG</subfield>
    <subfield code="b">eng</subfield>
    <subfield code="c">NYG</subfield>
    <subfield code="d">RCS</subfield>
    <subfield code="d">IUL</subfield>
    <subfield code="d">DLC</subfield>
    <subfield code="d">NST</subfield>
    <subfield code="d">DLC</subfield>
    <subfield code="d">AGL</subfield>
    <subfield code="d">MXC</subfield>
    <subfield code="d">OCLCQ</subfield>
    <subfield code="d">CUS</subfield>
    <subfield code="d">OCLCQ</subfield>
    <subfield code="d">OCLCF</subfield>
    <subfield code="d">OCLCO</subfield>
    <subfield code="d">P4I</subfield>
    <subfield code="d">OCLCO</subfield>
    <subfield code="d">IUL</subfield>
    <subfield code="d">OCLCQ</subfield>
    <subfield code="d">OCLCO</subfield>
    <subfield code="d">CSO</subfield>
    <subfield code="d">DGW</subfield>
    <subfield code="d">OCLCO</subfield>
    <subfield code="d">ZAS</subfield>
    <subfield code="d">OCLCO</subfield>
    <subfield code="d">TFW</subfield>
    <subfield code="d">OCLCO</subfield>
    <subfield code="d">CSA</subfield>
    <subfield code="d">CSJ</subfield>
    <subfield code="d">VZR</subfield>
    <subfield code="d">RCE</subfield>
    <subfield code="d">OCLCQ</subfield>
    <subfield code="d">OCLCO</subfield>
    <subfield code="d">OKS</subfield>
    <subfield code="d">BUF</subfield>
    <subfield code="d">BUFSP</subfield>
    <subfield code="d">GILDS</subfield>
    <subfield code="d">CPO</subfield>
    <subfield code="d">OCLCO</subfield>
    <subfield code="d">CNO</subfield>
    <subfield code="d">OCLCO</subfield>
    <subfield code="d">ZAP</subfield>
    <subfield code="d">HTM</subfield>
    <subfield code="d">OCLCO</subfield>
    <subfield code="d">GZN</subfield>
    <subfield code="d">OCLCO</subfield>
    <subfield code="d">HLO</subfield>
    <subfield code="d">MTU</subfield>
    <subfield code="d">OCLCO</subfield>
    <subfield code="d">DCHUA</subfield>
    <subfield code="d">OCLCO</subfield>
    <subfield code="d">TYC</subfield>
    <subfield code="d">OCLCO</subfield>
    <subfield code="d">CBA</subfield>
    <subfield code="d">OCLCO</subfield>
    <subfield code="d">ORU</subfield>
  </datafield>
  <datafield tag="042" ind1=" " ind2=" ">
    <subfield code="a">pcc</subfield>
  </datafield>
  <datafield tag="050" ind1="0" ind2="0">
    <subfield code="a">QD1</subfield>
    <subfield code="b">.C48</subfield>
  </datafield>
  <datafield tag="060" ind1="0" ind2=" ">
    <subfield code="a">W1 JO916G</subfield>
  </datafield>
  <datafield tag="070" ind1="0" ind2=" ">
    <subfield code="a">382</subfield>
    <subfield code="b">C4223</subfield>
  </datafield>
  <datafield tag="072" ind1=" " ind2="0">
    <subfield code="a">X500</subfield>
  </datafield>
  <datafield tag="082" ind1="0" ind2="4">
    <subfield code="a">540.05</subfield>
    <subfield code="b">C517</subfield>
  </datafield>
  <datafield tag="130" ind1="0" ind2=" ">
    <subfield code="a">Chemical communications (1970)</subfield>
  </datafield>
  <datafield tag="222" ind1=" " ind2="0">
    <subfield code="a">Chemical communications</subfield>
    <subfield code="b">(1965)</subfield>
  </datafield>
  <datafield tag="245" ind1="1" ind2="0">
    <subfield code="a">Chemical communications :</subfield>
    <subfield code="b">issued as the journal of the Chemical Society, section D /</subfield>
    <subfield code="c">the Chemical Society.</subfield>
  </datafield>
  <datafield tag="260" ind1=" " ind2=" ">
    <subfield code="a">London :</subfield>
    <subfield code="b">The Society,</subfield>
    <subfield code="c">©1969-©1971.</subfield>
  </datafield>
  <datafield tag="300" ind1=" " ind2=" ">
    <subfield code="a">48 volumes :</subfield>
    <subfield code="b">illustrations ;</subfield>
    <subfield code="c">28 cm</subfield>
  </datafield>
  <datafield tag="310" ind1=" " ind2=" ">
    <subfield code="a">Semimonthly</subfield>
  </datafield>
  <datafield tag="336" ind1=" " ind2=" ">
    <subfield code="a">text</subfield>
    <subfield code="b">txt</subfield>
    <subfield code="2">rdacontent</subfield>
  </datafield>
  <datafield tag="337" ind1=" " ind2=" ">
    <subfield code="a">unmediated</subfield>
    <subfield code="b">n</subfield>
    <subfield code="2">rdamedia</subfield>
  </datafield>
  <datafield tag="338" ind1=" " ind2=" ">
    <subfield code="a">volume</subfield>
    <subfield code="b">nc</subfield>
    <subfield code="2">rdacarrier</subfield>
  </datafield>
  <datafield tag="362" ind1="0" ind2=" ">
    <subfield code="a">1970/1 (7 Jan. 1970)-1971/24 (22 Dec. 1971).</subfield>
  </datafield>
  <datafield tag="500" ind1=" " ind2=" ">
    <subfield code="a">Title from cover.</subfield>
  </datafield>
  <datafield tag="515" ind1=" " ind2=" ">
    <subfield code="a">Issues for 1970/1-1970/24 also called no. 1-no. 24, which repeats each year.</subfield>
  </datafield>
  <datafield tag="590" ind1=" " ind2=" ">
    <subfield code="a">SERBIB/SERLOC merged record</subfield>
  </datafield>
  <datafield tag="650" ind1=" " ind2="0">
    <subfield code="a">Chemistry</subfield>
    <subfield code="v">Periodicals.</subfield>
  </datafield>
  <datafield tag="650" ind1=" " ind2="7">
    <subfield code="a">Chemistry.</subfield>
    <subfield code="2">fast</subfield>
    <subfield code="0">(OCoLC)fst00853344</subfield>
  </datafield>
  <datafield tag="650" ind1=" " ind2="2">
    <subfield code="a">Chemistry.</subfield>
  </datafield>
  <datafield tag="655" ind1=" " ind2="7">
    <subfield code="a">Periodicals.</subfield>
    <subfield code="2">fast</subfield>
    <subfield code="0">(OCoLC)fst01411641</subfield>
  </datafield>
  <datafield tag="655" ind1=" " ind2="2">
    <subfield code="a">Periodical.</subfield>
  </datafield>
  <datafield tag="710" ind1="2" ind2=" ">
    <subfield code="a">Chemical Society (Great Britain)</subfield>
  </datafield>
  <datafield tag="776" ind1="0" ind2="8">
    <subfield code="i">Online version:</subfield>
    <subfield code="t">Chemical communications</subfield>
    <subfield code="x">2050-5620</subfield>
    <subfield code="w">(DLC)  2019260099</subfield>
    <subfield code="w">(OCoLC)56074187</subfield>
  </datafield>
  <datafield tag="780" ind1="0" ind2="0">
    <subfield code="t">Journal of the Chemical Society. D, Chemical communications</subfield>
    <subfield code="x">0009-241X</subfield>
    <subfield code="w">(DLC)   91645400</subfield>
    <subfield code="w">(OCoLC)1554003</subfield>
  </datafield>
  <datafield tag="785" ind1="0" ind2="0">
    <subfield code="t">Journal of the Chemical Society. Chemical communications</subfield>
    <subfield code="x">0022-4936</subfield>
    <subfield code="w">(DLC)   72624048</subfield>
    <subfield code="w">(OCoLC)1553996</subfield>
  </datafield>
  <datafield tag="850" ind1=" " ind2=" ">
    <subfield code="a">AzU</subfield>
    <subfield code="a">CU-RivA</subfield>
    <subfield code="a">CU-RivP</subfield>
    <subfield code="a">DLC</subfield>
    <subfield code="a">DNAL</subfield>
    <subfield code="a">InU</subfield>
  </datafield>
  <datafield tag="890" ind1=" " ind2=" ">
    <subfield code="a">Chemical communications (1970)</subfield>
    <subfield code="i">91-645401</subfield>
  </datafield>
  <datafield tag="906" ind1=" " ind2=" ">
    <subfield code="a">7</subfield>
    <subfield code="b">cbc</subfield>
    <subfield code="c">serials</subfield>
    <subfield code="d">u</subfield>
    <subfield code="e">ncip</subfield>
    <subfield code="f">19</subfield>
    <subfield code="g">n-oclcserc</subfield>
  </datafield>
  <datafield tag="920" ind1=" " ind2=" ">
    <subfield code="a">Keep 1</subfield>
  </datafield>
  <datafield tag="991" ind1=" " ind2=" ">
    <subfield code="b">c-GenColl</subfield>
    <subfield code="h">QD1</subfield>
    <subfield code="i">.C48</subfield>
    <subfield code="w">SERIALS</subfield>
  </datafield>
  <datafield tag="991" ind1=" " ind2=" ">
    <subfield code="b">c-GenColl</subfield>
    <subfield code="h">QD1</subfield>
    <subfield code="i">.C48</subfield>
    <subfield code="p">0003811802A</subfield>
    <subfield code="t">Copy 1</subfield>
    <subfield code="v">* 1970 :JAN-JUNE</subfield>
    <subfield code="w">CCF</subfield>
  </datafield>
  <datafield tag="991" ind1=" " ind2=" ">
    <subfield code="b">c-GenColl</subfield>
    <subfield code="h">QD1</subfield>
    <subfield code="i">.C48</subfield>
    <subfield code="p">00038117981</subfield>
    <subfield code="t">Copy 1</subfield>
    <subfield code="v">* 1970 :JULY-DEC</subfield>
    <subfield code="w">CCF</subfield>
  </datafield>
  <datafield tag="991" ind1=" " ind2=" ">
    <subfield code="b">c-GenColl</subfield>
    <subfield code="h">QD1</subfield>
    <subfield code="i">.C48</subfield>
    <subfield code="p">00038117944</subfield>
    <subfield code="t">Copy 1</subfield>
    <subfield code="v">* 1971 :JAN-JUNE</subfield>
    <subfield code="w">CCF</subfield>
  </datafield>
  <datafield tag="991" ind1=" " ind2=" ">
    <subfield code="b">c-GenColl</subfield>
    <subfield code="h">QD1</subfield>
    <subfield code="i">.C48</subfield>
    <subfield code="p">00038117907</subfield>
    <subfield code="t">Copy 1</subfield>
    <subfield code="v">* 1971 :JULY-DEC</subfield>
    <subfield code="w">CCF</subfield>
  </datafield>
  <datafield tag="992" ind1=" " ind2=" ">
    <subfield code="b">SER</subfield>
    <subfield code="w">SERLOC</subfield>
  </datafield>
</record>