
<record>
  <leader>03845cjm a2200721 a 4500</leader>
  <controlfield tag="001">12075759</controlfield>
  <controlfield tag="005">20200102165818.0</controlfield>
  <controlfield tag="007">sd fsngnnmmned</controlfield>
  <controlfield tag="008">950828p19941993sw mun|  dfi      | lat d</controlfield>
  <datafield tag="906" ind1=" " ind2=" ">
    <subfield code="a">7</subfield>
    <subfield code="b">cbc</subfield>
    <subfield code="c">copycat</subfield>
    <subfield code="d">2</subfield>
    <subfield code="e">ncip</subfield>
    <subfield code="f">20</subfield>
    <subfield code="g">y-soundrec</subfield>
  </datafield>
  <datafield tag="925" ind1="0" ind2=" ">
    <subfield code="a">acquire</subfield>
    <subfield code="b">2 shelf copies</subfield>
    <subfield code="x">policy default</subfield>
  </datafield>
  <datafield tag="955" ind1=" " ind2=" ">
    <subfield code="a">qr12 2019-10-25 z-client</subfield>
    <subfield code="i">qr12 2019-10-25</subfield>
  </datafield>
  <datafield tag="010" ind1=" " ind2=" ">
    <subfield code="a">   99591588 </subfield>
  </datafield>
  <datafield tag="024" ind1="1" ind2=" ">
    <subfield code="a">723722190926</subfield>
  </datafield>
  <datafield tag="024" ind1="3" ind2=" ">
    <subfield code="a">7391971000780</subfield>
  </datafield>
  <datafield tag="028" ind1="0" ind2="2">
    <subfield code="a">PSCD 78</subfield>
    <subfield code="b">Phono Suecia</subfield>
  </datafield>
  <datafield tag="033" ind1="1" ind2="0">
    <subfield code="a">19930418</subfield>
    <subfield code="a">19930420</subfield>
    <subfield code="b">6954</subfield>
    <subfield code="c">S8</subfield>
  </datafield>
  <datafield tag="035" ind1=" " ind2=" ">
    <subfield code="a">(OCoLC)ocm33053156</subfield>
  </datafield>
  <datafield tag="040" ind1=" " ind2=" ">
    <subfield code="a">OSE</subfield>
    <subfield code="b">eng</subfield>
    <subfield code="c">OSE</subfield>
    <subfield code="d">RES</subfield>
    <subfield code="d">OCLCQ</subfield>
    <subfield code="d">OCLCG</subfield>
    <subfield code="d">OCLCQ</subfield>
    <subfield code="d">OCLCO</subfield>
    <subfield code="d">NYP</subfield>
    <subfield code="d">OCLCF</subfield>
    <subfield code="d">OCL</subfield>
    <subfield code="d">OCLCQ</subfield>
    <subfield code="d">MNG</subfield>
    <subfield code="d">OCLCA</subfield>
    <subfield code="d">DLC</subfield>
  </datafield>
  <datafield tag="041" ind1="0" ind2=" ">
    <subfield code="d">lat</subfield>
    <subfield code="d">swe</subfield>
    <subfield code="e">lat</subfield>
    <subfield code="e">swe</subfield>
    <subfield code="e">eng</subfield>
    <subfield code="n">lat</subfield>
    <subfield code="n">swe</subfield>
    <subfield code="g">swe</subfield>
    <subfield code="g">eng</subfield>
    <subfield code="m">swe</subfield>
  </datafield>
  <datafield tag="042" ind1=" " ind2=" ">
    <subfield code="a">lccopycat</subfield>
  </datafield>
  <datafield tag="045" ind1="1" ind2=" ">
    <subfield code="b">d1993</subfield>
    <subfield code="b">d1990</subfield>
    <subfield code="b">d1994</subfield>
    <subfield code="b">d1992</subfield>
  </datafield>
  <datafield tag="050" ind1="0" ind2="0">
    <subfield code="a">SDD 29728</subfield>
  </datafield>
  <datafield tag="100" ind1="1" ind2=" ">
    <subfield code="a">Lindberg, Nils,</subfield>
    <subfield code="d">1933-</subfield>
  </datafield>
  <datafield tag="240" ind1="1" ind2="0">
    <subfield code="a">Choral music.</subfield>
    <subfield code="k">Selections</subfield>
  </datafield>
  <datafield tag="245" ind1="1" ind2="0">
    <subfield code="a">Requiem /</subfield>
    <subfield code="c">Nils Lindberg, composer.</subfield>
  </datafield>
  <datafield tag="260" ind1=" " ind2=" ">
    <subfield code="a">Stockholm :</subfield>
    <subfield code="b">Phono Suecia,</subfield>
    <subfield code="c">℗1994.</subfield>
  </datafield>
  <datafield tag="300" ind1=" " ind2=" ">
    <subfield code="a">1 audio disc (65 min.) :</subfield>
    <subfield code="b">digital ;</subfield>
    <subfield code="c">4 3/4 in.</subfield>
  </datafield>
  <datafield tag="306" ind1=" " ind2=" ">
    <subfield code="a">004530</subfield>
    <subfield code="a">001116</subfield>
    <subfield code="a">000142</subfield>
    <subfield code="a">000131</subfield>
    <subfield code="a">000408</subfield>
  </datafield>
  <datafield tag="336" ind1=" " ind2=" ">
    <subfield code="a">performed music</subfield>
    <subfield code="b">prm</subfield>
    <subfield code="2">rdacontent</subfield>
  </datafield>
  <datafield tag="337" ind1=" " ind2=" ">
    <subfield code="a">audio</subfield>
    <subfield code="b">s</subfield>
    <subfield code="2">rdamedia</subfield>
  </datafield>
  <datafield tag="338" ind1=" " ind2=" ">
    <subfield code="a">audio disc</subfield>
    <subfield code="b">sd</subfield>
    <subfield code="2">rdacarrier</subfield>
  </datafield>
  <datafield tag="500" ind1=" " ind2=" ">
    <subfield code="a">1st work for solo voices (SSBar), choir and big band; 2nd-5th works for unacc.choir.</subfield>
  </datafield>
  <datafield tag="546" ind1=" " ind2=" ">
    <subfield code="a">1st work sung in Latin; 2nd-5th works sung in Swedish.</subfield>
  </datafield>
  <datafield tag="500" ind1=" " ind2=" ">
    <subfield code="a">Text of the 2nd-4th works (tracks 12-16) are taken from Poems on light and darkness, by Nobel prize-winner Harry Martinson. The 5th work (track 17) is a choral arrangement by Lindberg of the Äppelbo variant, one of many local tunes to the popular religious song The Blessed day.</subfield>
  </datafield>
  <datafield tag="511" ind1="0" ind2=" ">
    <subfield code="a">In the 1st work: Lena Willemark, Margareta Jalḱeus, sopranos ; Olle Persson, bariton ; Nils Lindberg Big Band ; Nils Lindberg, pianist and conductor. In all works: Swedish Radio Choir ; Gustaf Sjökvist, conductor.</subfield>
  </datafield>
  <datafield tag="518" ind1=" " ind2=" ">
    <subfield code="a">Requiem recorded on April 18, 1993 at St. Clara&apos;s Church in Stockholm. Other selections recorded on April 18 and 20, 1994, in the Berwald Hall, Stockholm.</subfield>
  </datafield>
  <datafield tag="500" ind1=" " ind2=" ">
    <subfield code="a">Compact disc.</subfield>
  </datafield>
  <datafield tag="500" ind1=" " ind2=" ">
    <subfield code="a">Editions recorded: Stockholm : Carl Gehrmans Muskförlag.</subfield>
  </datafield>
  <datafield tag="500" ind1=" " ind2=" ">
    <subfield code="a">Program notes by Seth Karlsson, biographical notes on the performers, and texts of the 2nd-5th works, all in Swedish with English translations; and text of 1st work in Latin with English and Swedish translations (18 p. : port.) inserted in container.</subfield>
  </datafield>
  <datafield tag="505" ind1="0" ind2=" ">
    <subfield code="a">Requiem (1993) (45:30) -- Ljus och mörker (1990) (11:16) -- Gåtan (1994) (1:42) -- Natt (1994) (1:31) -- Den signade dag (trad. arr. 1992) (4:08).</subfield>
  </datafield>
  <datafield tag="600" ind1="1" ind2="0">
    <subfield code="a">Martinson, Harry,</subfield>
    <subfield code="d">1904-1978</subfield>
    <subfield code="v">Musical settings.</subfield>
  </datafield>
  <datafield tag="650" ind1=" " ind2="0">
    <subfield code="a">Requiems.</subfield>
  </datafield>
  <datafield tag="650" ind1=" " ind2="0">
    <subfield code="a">Choruses, Secular (Mixed voices), Unaccompanied.</subfield>
  </datafield>
  <datafield tag="650" ind1=" " ind2="0">
    <subfield code="a">Choruses, Sacred (Mixed voices), Unaccompanied.</subfield>
  </datafield>
  <datafield tag="600" ind1="1" ind2="7">
    <subfield code="a">Martinson, Harry,</subfield>
    <subfield code="d">1904-1978.</subfield>
    <subfield code="2">fast</subfield>
    <subfield code="0">(OCoLC)fst00039371</subfield>
  </datafield>
  <datafield tag="650" ind1=" " ind2="7">
    <subfield code="a">Choruses, Sacred (Mixed voices), Unaccompanied.</subfield>
    <subfield code="2">fast</subfield>
    <subfield code="0">(OCoLC)fst00858730</subfield>
  </datafield>
  <datafield tag="650" ind1=" " ind2="7">
    <subfield code="a">Choruses, Secular (Mixed voices), Unaccompanied.</subfield>
    <subfield code="2">fast</subfield>
    <subfield code="0">(OCoLC)fst00858819</subfield>
  </datafield>
  <datafield tag="650" ind1=" " ind2="7">
    <subfield code="a">Requiems.</subfield>
    <subfield code="2">fast</subfield>
    <subfield code="0">(OCoLC)fst01095083</subfield>
  </datafield>
  <datafield tag="655" ind1=" " ind2="7">
    <subfield code="a">Musical settings.</subfield>
    <subfield code="2">fast</subfield>
    <subfield code="0">(OCoLC)fst01423813</subfield>
  </datafield>
  <datafield tag="700" ind1="1" ind2=" ">
    <subfield code="a">Martinson, Harry,</subfield>
    <subfield code="d">1904-1978.</subfield>
    <subfield code="4">lyr</subfield>
  </datafield>
  <datafield tag="700" ind1="1" ind2=" ">
    <subfield code="a">Willemark, Lena.</subfield>
    <subfield code="4">prf</subfield>
  </datafield>
  <datafield tag="700" ind1="1" ind2=" ">
    <subfield code="a">Bengtson, Margareta.</subfield>
    <subfield code="4">prf</subfield>
  </datafield>
  <datafield tag="700" ind1="1" ind2=" ">
    <subfield code="a">Persson, Olle</subfield>
    <subfield code="c">(Baritone)</subfield>
    <subfield code="4">prf</subfield>
  </datafield>
  <datafield tag="700" ind1="1" ind2=" ">
    <subfield code="a">Lindberg, Nils,</subfield>
    <subfield code="d">1933-</subfield>
    <subfield code="4">cnd</subfield>
    <subfield code="4">prf</subfield>
    <subfield code="4">arr</subfield>
  </datafield>
  <datafield tag="700" ind1="1" ind2=" ">
    <subfield code="a">Sjökvist, Gustaf,</subfield>
    <subfield code="d">1943-2015.</subfield>
    <subfield code="4">cnd</subfield>
  </datafield>
  <datafield tag="700" ind1="1" ind2="2">
    <subfield code="a">Lindberg, Nils,</subfield>
    <subfield code="d">1933-</subfield>
    <subfield code="t">Requiem.</subfield>
  </datafield>
  <datafield tag="700" ind1="1" ind2="2">
    <subfield code="a">Lindberg, Nils,</subfield>
    <subfield code="d">1933-</subfield>
    <subfield code="t">Ljus och mörker.</subfield>
  </datafield>
  <datafield tag="700" ind1="1" ind2="2">
    <subfield code="a">Lindberg, Nils,</subfield>
    <subfield code="d">1933-</subfield>
    <subfield code="t">Gåtan.</subfield>
  </datafield>
  <datafield tag="700" ind1="1" ind2="2">
    <subfield code="a">Lindberg, Nils,</subfield>
    <subfield code="d">1933-</subfield>
    <subfield code="t">Natt.</subfield>
  </datafield>
  <datafield tag="710" ind1="2" ind2=" ">
    <subfield code="a">Nils Lindbergs Storband.</subfield>
    <subfield code="4">prf</subfield>
  </datafield>
  <datafield tag="710" ind1="2" ind2=" ">
    <subfield code="a">Sveriges radioskören.</subfield>
    <subfield code="4">prf</subfield>
  </datafield>
  <datafield tag="985" ind1=" " ind2=" ">
    <subfield code="c">OCLC</subfield>
    <subfield code="e">Claimed Recordings</subfield>
  </datafield>
</record>