
<record>
  <leader>03494cjm a2200733 a 4500</leader>
  <controlfield tag="001">12078280</controlfield>
  <controlfield tag="005">20200102111909.0</controlfield>
  <controlfield tag="007">sd fsngnnmmned</controlfield>
  <controlfield tag="008">950605s1994    fr ovn|  efgi     | zxx d</controlfield>
  <datafield tag="906" ind1=" " ind2=" ">
    <subfield code="a">0</subfield>
    <subfield code="b">ibc</subfield>
    <subfield code="c">copycat</subfield>
    <subfield code="d">2</subfield>
    <subfield code="e">ncip</subfield>
    <subfield code="f">20</subfield>
    <subfield code="g">y-soundrec</subfield>
  </datafield>
  <datafield tag="925" ind1="0" ind2=" ">
    <subfield code="a">acquire</subfield>
    <subfield code="b">2 shelf copies</subfield>
    <subfield code="x">policy default</subfield>
  </datafield>
  <datafield tag="955" ind1=" " ind2=" ">
    <subfield code="a">qr27 2019-12-06 z-client</subfield>
    <subfield code="i">qr27 2019-12-06 revised</subfield>
  </datafield>
  <datafield tag="010" ind1=" " ind2=" ">
    <subfield code="a">   99593731 </subfield>
  </datafield>
  <datafield tag="024" ind1="3" ind2=" ">
    <subfield code="a">3297167941148</subfield>
  </datafield>
  <datafield tag="028" ind1="0" ind2="2">
    <subfield code="a">PV794114</subfield>
    <subfield code="b">Pierre Verany</subfield>
  </datafield>
  <datafield tag="033" ind1="2" ind2="0">
    <subfield code="a">19940301</subfield>
    <subfield code="a">19940304</subfield>
    <subfield code="b">5834</subfield>
    <subfield code="c">P6</subfield>
  </datafield>
  <datafield tag="035" ind1=" " ind2=" ">
    <subfield code="a">(OCoLC)ocm34747462</subfield>
  </datafield>
  <datafield tag="040" ind1=" " ind2=" ">
    <subfield code="a">CUY</subfield>
    <subfield code="b">eng</subfield>
    <subfield code="c">CUY</subfield>
    <subfield code="d">OCLCG</subfield>
    <subfield code="d">CNMBL</subfield>
    <subfield code="d">OCLCO</subfield>
    <subfield code="d">OCLCQ</subfield>
    <subfield code="d">OCLCF</subfield>
    <subfield code="d">GZM</subfield>
    <subfield code="d">OCLCO</subfield>
    <subfield code="d">OCL</subfield>
    <subfield code="d">DLC</subfield>
  </datafield>
  <datafield tag="041" ind1="0" ind2=" ">
    <subfield code="g">eng</subfield>
    <subfield code="g">fre</subfield>
    <subfield code="m">fre</subfield>
  </datafield>
  <datafield tag="042" ind1=" " ind2=" ">
    <subfield code="a">lccopycat</subfield>
  </datafield>
  <datafield tag="050" ind1="0" ind2="0">
    <subfield code="a">SDD 21433</subfield>
  </datafield>
  <datafield tag="100" ind1="1" ind2=" ">
    <subfield code="a">Graupner, Christoph,</subfield>
    <subfield code="d">1683-1760.</subfield>
  </datafield>
  <datafield tag="240" ind1="1" ind2="0">
    <subfield code="a">Overtures.</subfield>
    <subfield code="k">Selections</subfield>
  </datafield>
  <datafield tag="245" ind1="1" ind2="0">
    <subfield code="a">Three overtures for chalumeaux and orchestra /</subfield>
    <subfield code="c">Johann Christoph Graupner.</subfield>
  </datafield>
  <datafield tag="246" ind1="1" ind2=" ">
    <subfield code="i">Title on container:</subfield>
    <subfield code="a">Trois ouvertures pour chalumeaux et orchestre</subfield>
  </datafield>
  <datafield tag="246" ind1="3" ind2=" ">
    <subfield code="a">3 overtures for chalumeaux and orchestra</subfield>
  </datafield>
  <datafield tag="246" ind1="3" ind2=" ">
    <subfield code="a">Overtures for chalumeaux and orchestra</subfield>
  </datafield>
  <datafield tag="246" ind1="3" ind2=" ">
    <subfield code="a">3 ouvertures pour chalumeaux et orchestre</subfield>
  </datafield>
  <datafield tag="246" ind1="3" ind2=" ">
    <subfield code="a">Ouvertures pour chalumeaux et orchestre</subfield>
  </datafield>
  <datafield tag="260" ind1=" " ind2=" ">
    <subfield code="a">Paris :</subfield>
    <subfield code="b">Disques Pierre Verany,</subfield>
    <subfield code="c">℗1994.</subfield>
  </datafield>
  <datafield tag="300" ind1=" " ind2=" ">
    <subfield code="a">1 audio disc :</subfield>
    <subfield code="b">digital, stereo ;</subfield>
    <subfield code="c">4 3/4 in.</subfield>
  </datafield>
  <datafield tag="306" ind1=" " ind2=" ">
    <subfield code="a">002832</subfield>
    <subfield code="a">001917</subfield>
    <subfield code="a">002713</subfield>
  </datafield>
  <datafield tag="336" ind1=" " ind2=" ">
    <subfield code="a">performed music</subfield>
    <subfield code="b">prm</subfield>
    <subfield code="2">rdacontent</subfield>
  </datafield>
  <datafield tag="337" ind1=" " ind2=" ">
    <subfield code="a">audio</subfield>
    <subfield code="b">s</subfield>
    <subfield code="2">rdamedia</subfield>
  </datafield>
  <datafield tag="338" ind1=" " ind2=" ">
    <subfield code="a">audio disc</subfield>
    <subfield code="b">sd</subfield>
    <subfield code="2">rdacarrier</subfield>
  </datafield>
  <datafield tag="344" ind1=" " ind2=" ">
    <subfield code="a">digital</subfield>
    <subfield code="2">rdatr</subfield>
  </datafield>
  <datafield tag="344" ind1=" " ind2=" ">
    <subfield code="b">optical</subfield>
    <subfield code="2">rdarm</subfield>
  </datafield>
  <datafield tag="344" ind1=" " ind2=" ">
    <subfield code="g">stereo</subfield>
    <subfield code="2">rdacpc</subfield>
  </datafield>
  <datafield tag="347" ind1=" " ind2=" ">
    <subfield code="a">audio file</subfield>
    <subfield code="2">rdaft</subfield>
  </datafield>
  <datafield tag="347" ind1=" " ind2=" ">
    <subfield code="b">CD audio</subfield>
  </datafield>
  <datafield tag="382" ind1="0" ind2="1">
    <subfield code="3">Overture in D minor</subfield>
    <subfield code="a">chalumeau</subfield>
    <subfield code="n">3</subfield>
    <subfield code="a">orchestra</subfield>
    <subfield code="e">1</subfield>
    <subfield code="r">3</subfield>
    <subfield code="t">1</subfield>
    <subfield code="2">lcmpt</subfield>
  </datafield>
  <datafield tag="382" ind1="0" ind2="1">
    <subfield code="3">Overture in B♭ major</subfield>
    <subfield code="a">chalumeau</subfield>
    <subfield code="n">1</subfield>
    <subfield code="a">orchestra</subfield>
    <subfield code="e">1</subfield>
    <subfield code="r">1</subfield>
    <subfield code="t">1</subfield>
    <subfield code="2">lcmpt</subfield>
  </datafield>
  <datafield tag="382" ind1="0" ind2="1">
    <subfield code="3">Overutre in F major</subfield>
    <subfield code="a">chalumeau</subfield>
    <subfield code="n">2</subfield>
    <subfield code="a">orchestra</subfield>
    <subfield code="e">1</subfield>
    <subfield code="r">2</subfield>
    <subfield code="t">1</subfield>
    <subfield code="2">lcmpt</subfield>
  </datafield>
  <datafield tag="511" ind1="0" ind2=" ">
    <subfield code="a">Ensemble Mensa Sonora (featuring: Jean Maillet, violin, conductor ; Jean-Claude Veilhan, soprano, alto, tenor chalumeau ; Yves Testu, bass chalumeau ; Florence Jacquemart, tenor chalumeau)</subfield>
  </datafield>
  <datafield tag="518" ind1=" " ind2=" ">
    <subfield code="a">Recorded March 1-4, 1994, Saint-Germain-Auditorium, Conservatoire National de Région de Poitiers.</subfield>
  </datafield>
  <datafield tag="500" ind1=" " ind2=" ">
    <subfield code="a">Compact disc.</subfield>
  </datafield>
  <datafield tag="500" ind1=" " ind2=" ">
    <subfield code="a">Program notes by Jean Maillet and Jean Claude Veilhan in French with English translation (16 p.) inserted in container.</subfield>
  </datafield>
  <datafield tag="505" ind1="0" ind2=" ">
    <subfield code="a">Ouverture en ré/D mineur pour 3 chalumeaux et orchestre (28:32) -- Ouverture en si bémol/B flat majeur pour chalumeau concertant et orchestre (19:17) -- Ouverture en fa/F majeur pour 2 chalumeaux et orchestre (27:13).</subfield>
  </datafield>
  <datafield tag="650" ind1=" " ind2="0">
    <subfield code="a">Overtures.</subfield>
  </datafield>
  <datafield tag="650" ind1=" " ind2="0">
    <subfield code="a">Chalumeaux (3) with string orchestra.</subfield>
  </datafield>
  <datafield tag="650" ind1=" " ind2="0">
    <subfield code="a">Chalumeau with string orchestra.</subfield>
  </datafield>
  <datafield tag="650" ind1=" " ind2="0">
    <subfield code="a">Chalumeaux (2) with string orchestra.</subfield>
  </datafield>
  <datafield tag="650" ind1=" " ind2="6">
    <subfield code="a">Ouvertures (Orchestre)</subfield>
  </datafield>
  <datafield tag="650" ind1=" " ind2="6">
    <subfield code="a">Chalumeaux (3) et orchestre à cordes.</subfield>
  </datafield>
  <datafield tag="650" ind1=" " ind2="6">
    <subfield code="a">Chalumeau et orchestre à cordes.</subfield>
  </datafield>
  <datafield tag="650" ind1=" " ind2="6">
    <subfield code="a">Chalumeaux (2) et orchestre à cordes.</subfield>
  </datafield>
  <datafield tag="650" ind1=" " ind2="7">
    <subfield code="a">Overtures.</subfield>
    <subfield code="2">fast</subfield>
    <subfield code="0">(OCoLC)fst01049384</subfield>
  </datafield>
  <datafield tag="655" ind1=" " ind2="7">
    <subfield code="a">Overtures.</subfield>
    <subfield code="2">fast</subfield>
    <subfield code="0">(OCoLC)fst01726472</subfield>
  </datafield>
  <datafield tag="655" ind1=" " ind2="7">
    <subfield code="a">Overtures.</subfield>
    <subfield code="2">lcgft</subfield>
  </datafield>
  <datafield tag="700" ind1="1" ind2="2">
    <subfield code="a">Graupner, Christoph,</subfield>
    <subfield code="d">1683-1760.</subfield>
    <subfield code="t">Overtures,</subfield>
    <subfield code="m">chalumeaux (3), string orchestra,</subfield>
    <subfield code="r">D minor.</subfield>
  </datafield>
  <datafield tag="700" ind1="1" ind2="2">
    <subfield code="a">Graupner, Christoph,</subfield>
    <subfield code="d">1683-1760.</subfield>
    <subfield code="t">Overtures,</subfield>
    <subfield code="m">chalumeau, string orchestra,</subfield>
    <subfield code="r">B♭ major.</subfield>
  </datafield>
  <datafield tag="700" ind1="1" ind2="2">
    <subfield code="a">Graupner, Christoph,</subfield>
    <subfield code="d">1683-1760.</subfield>
    <subfield code="t">Overtures,</subfield>
    <subfield code="m">chalumeaux (2), string orchestra,</subfield>
    <subfield code="r">F major.</subfield>
  </datafield>
  <datafield tag="710" ind1="2" ind2=" ">
    <subfield code="a">Ensemble Mensa Sonora.</subfield>
    <subfield code="4">prf</subfield>
  </datafield>
  <datafield tag="985" ind1=" " ind2=" ">
    <subfield code="c">OCLC</subfield>
    <subfield code="e">Claimed Recordings</subfield>
  </datafield>
</record>