
<record>
  <leader>02284cas a2200517 i 4500</leader>
  <controlfield tag="001">12091778</controlfield>
  <controlfield tag="005">20200102174144.0</controlfield>
  <controlfield tag="008">840402s1834    hiu||||||||||     | haw  </controlfield>
  <datafield tag="906" ind1=" " ind2=" ">
    <subfield code="a">0</subfield>
    <subfield code="b">cbc</subfield>
    <subfield code="c">serprem</subfield>
    <subfield code="d">2</subfield>
    <subfield code="e">ncip</subfield>
    <subfield code="f">19</subfield>
    <subfield code="g">y-genrareb</subfield>
  </datafield>
  <datafield tag="955" ind1=" " ind2=" ">
    <subfield code="a">hc20 2019-12-30</subfield>
    <subfield code="i">hc20 2019-12-30 NEW INPUT</subfield>
  </datafield>
  <datafield tag="035" ind1=" " ind2=" ">
    <subfield code="a">(DLC)   17012547</subfield>
  </datafield>
  <datafield tag="010" ind1=" " ind2=" ">
    <subfield code="a">   17012547 </subfield>
  </datafield>
  <datafield tag="040" ind1=" " ind2=" ">
    <subfield code="a">DLC</subfield>
    <subfield code="b">eng</subfield>
    <subfield code="e">rda</subfield>
    <subfield code="c">DLC</subfield>
    <subfield code="d">DLC</subfield>
  </datafield>
  <datafield tag="042" ind1=" " ind2=" ">
    <subfield code="a">pcc</subfield>
  </datafield>
  <datafield tag="043" ind1=" " ind2=" ">
    <subfield code="a">n-us-hi</subfield>
  </datafield>
  <datafield tag="050" ind1="0" ind2="0">
    <subfield code="a">PL6441.A1</subfield>
    <subfield code="b">L3</subfield>
  </datafield>
  <datafield tag="051" ind1=" " ind2=" ">
    <subfield code="a">PL6448.A1</subfield>
    <subfield code="b">L3</subfield>
  </datafield>
  <datafield tag="245" ind1="0" ind2="3">
    <subfield code="a">Ka lama Hawaii :</subfield>
    <subfield code="b">he mea ia e hoolaha ike, a he mea hoi e pono ai ke kulanui.</subfield>
    <subfield code="n">Makahiki 1.</subfield>
    <subfield code="f">Feberuari, 14 - Dekemba 26 1834.</subfield>
  </datafield>
  <datafield tag="246" ind1="3" ind2=" ">
    <subfield code="a">Lama Hawaiʻi</subfield>
  </datafield>
  <datafield tag="264" ind1=" " ind2="1">
    <subfield code="a">Lahainaluna, Maui :</subfield>
    <subfield code="b">[Publisher not identified],</subfield>
    <subfield code="c">1834.</subfield>
  </datafield>
  <datafield tag="300" ind1=" " ind2=" ">
    <subfield code="a">100 unnumbered pages :</subfield>
    <subfield code="b">illustrations ;</subfield>
    <subfield code="c">31 cm</subfield>
  </datafield>
  <datafield tag="310" ind1=" " ind2=" ">
    <subfield code="a">Semimonthly,</subfield>
    <subfield code="b">1841</subfield>
  </datafield>
  <datafield tag="336" ind1=" " ind2=" ">
    <subfield code="a">text</subfield>
    <subfield code="b">txt</subfield>
    <subfield code="2">rdacontent</subfield>
  </datafield>
  <datafield tag="337" ind1=" " ind2=" ">
    <subfield code="a">unmediated</subfield>
    <subfield code="b">n</subfield>
    <subfield code="2">rdamedia</subfield>
  </datafield>
  <datafield tag="338" ind1=" " ind2=" ">
    <subfield code="a">volume</subfield>
    <subfield code="b">nc</subfield>
    <subfield code="2">rdacarrier</subfield>
  </datafield>
  <datafield tag="500" ind1=" " ind2=" ">
    <subfield code="a">Serial.</subfield>
  </datafield>
  <datafield tag="500" ind1=" " ind2=" ">
    <subfield code="a">&quot;The first newspaper printed in Hawaii, and the first newspaper printed west of the American Rocky Mountains&quot;--Forbes.</subfield>
  </datafield>
  <datafield tag="500" ind1=" " ind2=" ">
    <subfield code="a">Includes full-page woodcuts of four-legged animals.</subfield>
  </datafield>
  <datafield tag="500" ind1=" " ind2=" ">
    <subfield code="a">&quot;Commenced for the mission seminary [and] called the Lama Hawaii: The Hawaiian luminary&quot; --H. Bingham, A residence in the Sandwich Islands, page 457.</subfield>
  </datafield>
  <datafield tag="500" ind1=" " ind2=" ">
    <subfield code="a">Not in Judd.</subfield>
  </datafield>
  <datafield tag="510" ind1="4" ind2=" ">
    <subfield code="a">Forbes, D.W. Hawaiian national bibliography, 1780-1900,</subfield>
    <subfield code="c">901</subfield>
  </datafield>
  <datafield tag="515" ind1=" " ind2=" ">
    <subfield code="a">Suspended publication with makahihi 1, helu 25 (Dekemba 26, 1834); revived for two issues in January 1841.</subfield>
  </datafield>
  <datafield tag="550" ind1=" " ind2=" ">
    <subfield code="a">Issued under the auspices of Lahainaluna Seminary.</subfield>
  </datafield>
  <datafield tag="500" ind1=" " ind2=" ">
    <subfield code="a">1841 issues missing from LC copy.</subfield>
    <subfield code="5">DLC</subfield>
  </datafield>
  <datafield tag="651" ind1=" " ind2="0">
    <subfield code="a">Hawaii</subfield>
    <subfield code="v">Newspapers.</subfield>
  </datafield>
  <datafield tag="700" ind1="1" ind2=" ">
    <subfield code="a">Andrews, Lorrin,</subfield>
    <subfield code="d">1795-1868,</subfield>
    <subfield code="e">editor.</subfield>
  </datafield>
  <datafield tag="710" ind1="2" ind2=" ">
    <subfield code="a">Lahainaluna Seminary.</subfield>
  </datafield>
  <datafield tag="710" ind1="2" ind2=" ">
    <subfield code="a">Hawaiian Imprint Collection (Library of Congress)</subfield>
    <subfield code="5">DLC</subfield>
  </datafield>
  <datafield tag="752" ind1=" " ind2=" ">
    <subfield code="a">United States</subfield>
    <subfield code="b">Hawaii</subfield>
    <subfield code="c">Maui</subfield>
    <subfield code="d">Lahainaluna,</subfield>
    <subfield code="e">publication place.</subfield>
  </datafield>
  <datafield tag="952" ind1=" " ind2=" ">
    <subfield code="a">LAC snh 2019-10-18 update (1 card)</subfield>
  </datafield>
  <datafield tag="952" ind1=" " ind2=" ">
    <subfield code="a">Call number on Card is : PL6448.A1 L3 ; LAC snh 2019-10-18</subfield>
  </datafield>
  <datafield tag="984" ind1=" " ind2=" ">
    <subfield code="a">rsl</subfield>
    <subfield code="d">2019-10-18</subfield>
  </datafield>
  <datafield tag="985" ind1=" " ind2=" ">
    <subfield code="a">rblacfederal</subfield>
    <subfield code="d">20191018</subfield>
  </datafield>
  <datafield tag="985" ind1=" " ind2=" ">
    <subfield code="e">xserloc</subfield>
  </datafield>
  <datafield tag="987" ind1=" " ind2=" ">
    <subfield code="b">RBSCDRECON</subfield>
    <subfield code="c">20191018</subfield>
    <subfield code="d">r</subfield>
    <subfield code="f">CALL NUMBER DISCREPANCY ; SERIAL</subfield>
  </datafield>
  <datafield tag="991" ind1=" " ind2=" ">
    <subfield code="b">c-GenColl</subfield>
    <subfield code="h">PL6441.A1</subfield>
    <subfield code="i">L3</subfield>
    <subfield code="o">as</subfield>
    <subfield code="t">Copy 1</subfield>
    <subfield code="w">PREM</subfield>
  </datafield>
</record>