
<record>
  <leader>02317cam a2200445 a 4500</leader>
  <controlfield tag="001">12240075</controlfield>
  <controlfield tag="005">20200102145708.0</controlfield>
  <controlfield tag="008">000925s2000    ru       b    100 0 rusod</controlfield>
  <datafield tag="906" ind1=" " ind2=" ">
    <subfield code="a">7</subfield>
    <subfield code="b">cbc</subfield>
    <subfield code="c">copycat</subfield>
    <subfield code="d">3</subfield>
    <subfield code="e">ncip</subfield>
    <subfield code="f">20</subfield>
    <subfield code="g">y-gencatlg</subfield>
  </datafield>
  <datafield tag="925" ind1="0" ind2=" ">
    <subfield code="a">acquire</subfield>
    <subfield code="b">1 shelf copy</subfield>
    <subfield code="x">policy default</subfield>
  </datafield>
  <datafield tag="955" ind1=" " ind2=" ">
    <subfield code="a">ok04 01-11-2001 to HLCD</subfield>
    <subfield code="i">le17 2002-03-04</subfield>
    <subfield code="e">le28 2002-03-06 to BCCD</subfield>
  </datafield>
  <datafield tag="010" ind1=" " ind2=" ">
    <subfield code="a">  2001322856</subfield>
  </datafield>
  <datafield tag="020" ind1=" " ind2=" ">
    <subfield code="a">585803148X</subfield>
  </datafield>
  <datafield tag="035" ind1=" " ind2=" ">
    <subfield code="a">(OCoLC)ocm46351608</subfield>
  </datafield>
  <datafield tag="040" ind1=" " ind2=" ">
    <subfield code="a">PIT</subfield>
    <subfield code="c">PIT</subfield>
    <subfield code="d">DLC</subfield>
  </datafield>
  <datafield tag="041" ind1="0" ind2=" ">
    <subfield code="a">ruseng</subfield>
  </datafield>
  <datafield tag="042" ind1=" " ind2=" ">
    <subfield code="a">lccopycat</subfield>
  </datafield>
  <datafield tag="043" ind1=" " ind2=" ">
    <subfield code="a">a-mp---</subfield>
    <subfield code="a">e-ru---</subfield>
  </datafield>
  <datafield tag="050" ind1="0" ind2="0">
    <subfield code="a">DS19</subfield>
    <subfield code="b">.A75 2000</subfield>
  </datafield>
  <datafield tag="245" ind1="0" ind2="0">
    <subfield code="a">Arkhivnye materialy o mongolʹskikh i ti︠u︡rkskikh narodakh v akademicheskikh sobranii︠a︡kh Rossii :</subfield>
    <subfield code="b">doklady nauchnoĭ konferent︠s︡ii /</subfield>
    <subfield code="c">izdanie podgotovili I.A. Alimov, I.V Kulʹganek, E.V. Pavlova.</subfield>
  </datafield>
  <datafield tag="246" ind1="1" ind2="5">
    <subfield code="a">Archival materials on Mongolian and Turkic peoples in Russian academic collections</subfield>
  </datafield>
  <datafield tag="260" ind1=" " ind2=" ">
    <subfield code="a">Sankt-Peterburg :</subfield>
    <subfield code="b">Peterburgskoe vostokovedenie,</subfield>
    <subfield code="c">2000.</subfield>
  </datafield>
  <datafield tag="300" ind1=" " ind2=" ">
    <subfield code="a">151 p. ;</subfield>
    <subfield code="c">22 cm.</subfield>
  </datafield>
  <datafield tag="546" ind1=" " ind2=" ">
    <subfield code="a">Conference reports in Russian with English translations.</subfield>
  </datafield>
  <datafield tag="500" ind1=" " ind2=" ">
    <subfield code="a">At head of title: Rossiĭskai︠a︡ akademii︠a︡ nauk. Sankt-Peterburgskiĭ filial Instituta vostokovedenii︠a︡ RAN.</subfield>
  </datafield>
  <datafield tag="500" ind1=" " ind2=" ">
    <subfield code="a">On leaf preceding t.p.: T︠S︡entr &quot;Peterburgskoe vostokovedenie&quot;.</subfield>
  </datafield>
  <datafield tag="504" ind1=" " ind2=" ">
    <subfield code="a">Includes bibliographical references.</subfield>
  </datafield>
  <datafield tag="650" ind1=" " ind2="0">
    <subfield code="a">Mongols</subfield>
    <subfield code="x">Archival resources</subfield>
    <subfield code="v">Congresses.</subfield>
  </datafield>
  <datafield tag="650" ind1=" " ind2="0">
    <subfield code="a">Turkic peoples</subfield>
    <subfield code="x">Archival resources</subfield>
    <subfield code="v">Congresses.</subfield>
  </datafield>
  <datafield tag="650" ind1=" " ind2="0">
    <subfield code="a">Mongols</subfield>
    <subfield code="x">Folklore</subfield>
    <subfield code="x">Archival resources</subfield>
    <subfield code="v">Congresses.</subfield>
  </datafield>
  <datafield tag="650" ind1=" " ind2="0">
    <subfield code="a">Turkic peoples</subfield>
    <subfield code="x">Folklore</subfield>
    <subfield code="x">Archival resources</subfield>
    <subfield code="v">Congresses.</subfield>
  </datafield>
  <datafield tag="650" ind1=" " ind2="0">
    <subfield code="a">Archival resources</subfield>
    <subfield code="z">Russia (Federation)</subfield>
    <subfield code="v">Congresses.</subfield>
  </datafield>
  <datafield tag="700" ind1="1" ind2=" ">
    <subfield code="a">Alimov, I. A.</subfield>
    <subfield code="q">(Ibragim Abdugapparovich)</subfield>
  </datafield>
  <datafield tag="700" ind1="1" ind2=" ">
    <subfield code="a">Kulʹganek, I. V.</subfield>
    <subfield code="q">(Irina Vladimirovna)</subfield>
  </datafield>
  <datafield tag="700" ind1="1" ind2=" ">
    <subfield code="a">Pavlova, E. V.</subfield>
  </datafield>
  <datafield tag="710" ind1="2" ind2=" ">
    <subfield code="a">Institut vostokovedenii︠a︡ (Rossiĭskai︠a︡ akademii︠a︡ nauk).</subfield>
    <subfield code="b">Sankt-Peterburgskiĭ filial.</subfield>
  </datafield>
  <datafield tag="710" ind1="2" ind2=" ">
    <subfield code="a">T︠S︡entr &quot;Peterburgskoe vostokovedenie&quot;.</subfield>
  </datafield>
  <datafield tag="711" ind1="2" ind2=" ">
    <subfield code="a">Nauchnai︠a︡ konferent︠s︡ii︠a︡ &quot;Arkhivnye materialy o mongolʹskikh i ti︠u︡rkskikh narodakh v akademicheskikh sobranii︠a︡kh Rossii&quot;</subfield>
    <subfield code="d">(2000 :</subfield>
    <subfield code="c">Sankt-Peterburgskiĭ filial Instituta vostokovedenii︠a︡ RAN)</subfield>
  </datafield>
  <datafield tag="923" ind1=" " ind2=" ">
    <subfield code="d">20001002</subfield>
    <subfield code="n">92146791</subfield>
    <subfield code="s">RuMoEVP</subfield>
  </datafield>
  <datafield tag="985" ind1=" " ind2=" ">
    <subfield code="e">VENDOR LOAD</subfield>
  </datafield>
</record>