
<record>
  <leader>01328ccm a2200313 a 4500</leader>
  <controlfield tag="001">12826797</controlfield>
  <controlfield tag="005">20200102172205.0</controlfield>
  <controlfield tag="008">020614t20011994gw uua         n         </controlfield>
  <datafield tag="906" ind1=" " ind2=" ">
    <subfield code="a">7</subfield>
    <subfield code="b">cbc</subfield>
    <subfield code="c">origres</subfield>
    <subfield code="d">3</subfield>
    <subfield code="e">ncip</subfield>
    <subfield code="f">20</subfield>
    <subfield code="g">y-genmusic</subfield>
  </datafield>
  <datafield tag="925" ind1="0" ind2=" ">
    <subfield code="a">acquire</subfield>
    <subfield code="b">2 shelf copies</subfield>
    <subfield code="x">policy default</subfield>
  </datafield>
  <datafield tag="955" ind1=" " ind2=" ">
    <subfield code="a">of04 2002-9-12 to SMCD</subfield>
    <subfield code="i">vl22 2003-05-02</subfield>
    <subfield code="e">vn34 2003-05-08 to BCCD</subfield>
  </datafield>
  <datafield tag="010" ind1=" " ind2=" ">
    <subfield code="a">  2002487783</subfield>
  </datafield>
  <datafield tag="028" ind1="2" ind2="2">
    <subfield code="a">AM 7351</subfield>
    <subfield code="b">F. Noetzel &quot;Ars Musica&quot;</subfield>
  </datafield>
  <datafield tag="035" ind1=" " ind2=" ">
    <subfield code="a">(GyWOH)har025013931</subfield>
  </datafield>
  <datafield tag="040" ind1=" " ind2=" ">
    <subfield code="a">DLC</subfield>
    <subfield code="c">DLC</subfield>
  </datafield>
  <datafield tag="050" ind1="0" ind2="0">
    <subfield code="a">M612</subfield>
    <subfield code="b">.A75 op. 23 2001</subfield>
  </datafield>
  <datafield tag="100" ind1="1" ind2=" ">
    <subfield code="a">Arnold, Karl,</subfield>
    <subfield code="d">1794-1873.</subfield>
  </datafield>
  <datafield tag="240" ind1="1" ind2="0">
    <subfield code="a">Sextet,</subfield>
    <subfield code="m">piano, violins (2), viola, cello, double bass,</subfield>
    <subfield code="n">op. 23,</subfield>
    <subfield code="r">F minor.</subfield>
  </datafield>
  <datafield tag="245" ind1="1" ind2="0">
    <subfield code="a">Grand sextuor :</subfield>
    <subfield code="b">op. 23 (AWV 27a) pour le pianoforte avec accompagnement de deux violons, alto, violoncelle et contrebasse /</subfield>
    <subfield code="c">Carl Arnold ; herausgegeben von Harald Herresthal.</subfield>
  </datafield>
  <datafield tag="254" ind1=" " ind2=" ">
    <subfield code="a">Partitur.</subfield>
  </datafield>
  <datafield tag="260" ind1=" " ind2=" ">
    <subfield code="a">Wilhelmshaven :</subfield>
    <subfield code="b">F. Noetzel &quot;Ars Musica,&quot;</subfield>
    <subfield code="c">[2001], c1994.</subfield>
  </datafield>
  <datafield tag="300" ind1=" " ind2=" ">
    <subfield code="a">1 score (112 p.) ;</subfield>
    <subfield code="c">30 cm.</subfield>
  </datafield>
  <datafield tag="490" ind1="1" ind2=" ">
    <subfield code="a">Carl Arnold Werke in Neuausgabe</subfield>
  </datafield>
  <datafield tag="650" ind1=" " ind2="0">
    <subfield code="a">Piano with string ensemble</subfield>
    <subfield code="v">Scores.</subfield>
  </datafield>
  <datafield tag="650" ind1=" " ind2="0">
    <subfield code="a">Sextets (Piano, violins (2), viola, cello, double bass)</subfield>
    <subfield code="v">Scores.</subfield>
  </datafield>
  <datafield tag="700" ind1="1" ind2=" ">
    <subfield code="a">Herresthal, Harald.</subfield>
  </datafield>
  <datafield tag="800" ind1="1" ind2=" ">
    <subfield code="a">Arnold, Karl,</subfield>
    <subfield code="d">1794-1873.</subfield>
    <subfield code="t">Works.</subfield>
    <subfield code="k">Selections (Noetzel)</subfield>
  </datafield>
  <datafield tag="923" ind1=" " ind2=" ">
    <subfield code="d">20020607</subfield>
    <subfield code="n">0187654</subfield>
    <subfield code="s">GyWOH</subfield>
  </datafield>
  <datafield tag="985" ind1=" " ind2=" ">
    <subfield code="e">VENDOR LOAD</subfield>
  </datafield>
</record>