
<record>
  <leader>03134cjm a22005417a 4500</leader>
  <controlfield tag="001">12847791</controlfield>
  <controlfield tag="005">20200102173021.0</controlfield>
  <controlfield tag="007">sd|zsngnnmmned</controlfield>
  <controlfield tag="008">020709p20012000gw mun   efhi           d</controlfield>
  <datafield tag="906" ind1=" " ind2=" ">
    <subfield code="a">7</subfield>
    <subfield code="b">cbc</subfield>
    <subfield code="c">copycat</subfield>
    <subfield code="d">3</subfield>
    <subfield code="e">ncip</subfield>
    <subfield code="f">20</subfield>
    <subfield code="g">y-genmusic</subfield>
  </datafield>
  <datafield tag="925" ind1="0" ind2=" ">
    <subfield code="a">acquire</subfield>
    <subfield code="b">2 copies</subfield>
    <subfield code="x">policy default</subfield>
  </datafield>
  <datafield tag="955" ind1=" " ind2=" ">
    <subfield code="a">vl20 2002-07-09 to MBRS/RS</subfield>
  </datafield>
  <datafield tag="010" ind1=" " ind2=" ">
    <subfield code="a">  2002595321</subfield>
  </datafield>
  <datafield tag="024" ind1="1" ind2=" ">
    <subfield code="a">028947115021</subfield>
  </datafield>
  <datafield tag="028" ind1="0" ind2="2">
    <subfield code="a">471 150-2</subfield>
    <subfield code="b">Archiv Produktion</subfield>
  </datafield>
  <datafield tag="035" ind1=" " ind2=" ">
    <subfield code="a">(DLC)   2002595321</subfield>
  </datafield>
  <datafield tag="035" ind1=" " ind2=" ">
    <subfield code="a">(OCoLC)ocm48983902</subfield>
  </datafield>
  <datafield tag="040" ind1=" " ind2=" ">
    <subfield code="a">CIN</subfield>
    <subfield code="c">CIN</subfield>
    <subfield code="d">DLC</subfield>
  </datafield>
  <datafield tag="041" ind1="0" ind2=" ">
    <subfield code="g">gerengfre</subfield>
  </datafield>
  <datafield tag="042" ind1=" " ind2=" ">
    <subfield code="a">lcderive</subfield>
  </datafield>
  <datafield tag="047" ind1=" " ind2=" ">
    <subfield code="a">su</subfield>
    <subfield code="a">sn</subfield>
    <subfield code="a">co</subfield>
    <subfield code="a">vr</subfield>
  </datafield>
  <datafield tag="050" ind1="0" ind2="0">
    <subfield code="a">SDA 50270</subfield>
  </datafield>
  <datafield tag="110" ind1="2" ind2=" ">
    <subfield code="a">Musica Antiqua Köln.</subfield>
    <subfield code="4">prf</subfield>
  </datafield>
  <datafield tag="245" ind1="1" ind2="0">
    <subfield code="a">Bachiana</subfield>
    <subfield code="h">[sound recording] :</subfield>
    <subfield code="b">music by the Bach family.</subfield>
  </datafield>
  <datafield tag="260" ind1=" " ind2=" ">
    <subfield code="a">Hamburg :</subfield>
    <subfield code="b">Archiv Produktion,</subfield>
    <subfield code="c">p2001.</subfield>
  </datafield>
  <datafield tag="300" ind1=" " ind2=" ">
    <subfield code="a">1 sound disc :</subfield>
    <subfield code="b">digital, stereo. ;</subfield>
    <subfield code="c">4 3/4 in.</subfield>
  </datafield>
  <datafield tag="500" ind1=" " ind2=" ">
    <subfield code="a">The last work a possible reconstrution of the concerto that served as the model for the Sinfonia of the Oster-Oratorium.</subfield>
  </datafield>
  <datafield tag="511" ind1="0" ind2=" ">
    <subfield code="a">Musica Antiqua Köln ; Reinhard Goebel.</subfield>
  </datafield>
  <datafield tag="518" ind1=" " ind2=" ">
    <subfield code="a">Recorded in Sept. 2000, Köln, Deutschland Radio, Sendesaal.</subfield>
  </datafield>
  <datafield tag="500" ind1=" " ind2=" ">
    <subfield code="a">Compact disc.</subfield>
  </datafield>
  <datafield tag="500" ind1=" " ind2=" ">
    <subfield code="a">Program notes in English, German and French in container.</subfield>
  </datafield>
  <datafield tag="505" ind1="0" ind2=" ">
    <subfield code="a">Ouverture (suite) for strings, 2 oboes (ad libitum) and basso continuo in G major / Johann Luwig Bach (15:24) -- Sonata I &quot;a cinque&quot; for 2 violins, 2 violas and basso continuo in C (5:15) ; Sonata II &quot;a cinque&quot; for 2 violins, 2 violas and basso continuo in F (4:09) / Heinrich Bach -- Concerto for 2 violins, 2 oboes, strings and basso continuo in D major / Johann Ludwig Bach (7:14) -- &quot;Aria Eberliniana pro dormente Camillo&quot; : for harpsichord solo / Johann Christoph Bach (16:16) -- &quot;Battaglia-anno 1659 composita&quot; : for 2 violins, 2 violas and basso continuo  / Cyriacus Wilche (7:08) -- Sonata &amp; capriccio for 2 violins, 2 violas and basso continuo in G minor / Signr. Pagh (7:30) -- Concerto for 3 trumpets, timpani, 2 oboes, bassoon, strings and basso continuo in D major / Johann Sebastian Bach (11:38).</subfield>
  </datafield>
  <datafield tag="650" ind1=" " ind2="0">
    <subfield code="a">Suites (Orchestra)</subfield>
  </datafield>
  <datafield tag="650" ind1=" " ind2="0">
    <subfield code="a">Quintets (Violins (2), violas (2), continuo)</subfield>
  </datafield>
  <datafield tag="650" ind1=" " ind2="0">
    <subfield code="a">Concertos (Violins (2) with string orchestra)</subfield>
  </datafield>
  <datafield tag="650" ind1=" " ind2="0">
    <subfield code="a">Variations (Harpsichord)</subfield>
  </datafield>
  <datafield tag="650" ind1=" " ind2="0">
    <subfield code="a">Quartets (Violin, violas (2), continuo)</subfield>
  </datafield>
  <datafield tag="700" ind1="1" ind2=" ">
    <subfield code="a">Goebel, Reinhard.</subfield>
    <subfield code="4">cnd</subfield>
  </datafield>
  <datafield tag="700" ind1="1" ind2="2">
    <subfield code="a">Bach, Johann Ludwig,</subfield>
    <subfield code="d">1677-1731.</subfield>
    <subfield code="t">Suite,</subfield>
    <subfield code="m">orchestra,</subfield>
    <subfield code="r">G major.</subfield>
  </datafield>
  <datafield tag="700" ind1="1" ind2="2">
    <subfield code="a">Bach, Heinrich,</subfield>
    <subfield code="d">1615-1692.</subfield>
    <subfield code="t">Sonatas,</subfield>
    <subfield code="m">violins (2), violas (2), continuo,</subfield>
    <subfield code="r">C major.</subfield>
  </datafield>
  <datafield tag="700" ind1="1" ind2="2">
    <subfield code="a">Bach, Heinrich,</subfield>
    <subfield code="d">1615-1692.</subfield>
    <subfield code="t">Sonatas,</subfield>
    <subfield code="m">violins (2), violas (2), continuo,</subfield>
    <subfield code="r">F major.</subfield>
  </datafield>
  <datafield tag="700" ind1="1" ind2="2">
    <subfield code="a">Bach, Johann Ludwig,</subfield>
    <subfield code="d">1677-1731.</subfield>
    <subfield code="t">Concerto,</subfield>
    <subfield code="m">violins (2), orchestra,</subfield>
    <subfield code="r">D major.</subfield>
  </datafield>
  <datafield tag="700" ind1="1" ind2="2">
    <subfield code="a">Bach, Johann Christoph,</subfield>
    <subfield code="d">1642-1703.</subfield>
    <subfield code="t">Aria Eberliniana pro dormente Camillo.</subfield>
  </datafield>
  <datafield tag="700" ind1="1" ind2="2">
    <subfield code="a">Wilcke, Cyriakus,</subfield>
    <subfield code="d">-1667.</subfield>
    <subfield code="t">Battaglia.</subfield>
  </datafield>
  <datafield tag="700" ind1="1" ind2="2">
    <subfield code="a">Bach, Johann Michael,</subfield>
    <subfield code="d">1648-1694.</subfield>
    <subfield code="t">Sonata &amp; Capriccio,</subfield>
    <subfield code="m">violin, violas (2), continuo,</subfield>
    <subfield code="r">G minor.</subfield>
  </datafield>
  <datafield tag="700" ind1="1" ind2="2">
    <subfield code="a">Bach, Johann Sebastian,</subfield>
    <subfield code="d">1685-1750.</subfield>
    <subfield code="t">Oster-Oratorium</subfield>
    <subfield code="p">Sinfonia;</subfield>
    <subfield code="o">arranged.</subfield>
  </datafield>
  <datafield tag="952" ind1=" " ind2=" ">
    <subfield code="a">muzerec</subfield>
  </datafield>
  <datafield tag="985" ind1=" " ind2=" ">
    <subfield code="c">OCLC</subfield>
    <subfield code="e">srreplace 2003-04</subfield>
  </datafield>
</record>