
<record>
  <leader>03564cas a2200613 a 4500</leader>
  <controlfield tag="001">13050625</controlfield>
  <controlfield tag="005">20200102075647.0</controlfield>
  <controlfield tag="008">010511c19939999ctuar     s  s0    0eng d</controlfield>
  <datafield tag="010" ind1=" " ind2=" ">
    <subfield code="a">  2005200913</subfield>
  </datafield>
  <datafield tag="035" ind1=" " ind2=" ">
    <subfield code="a">(OCoLC)ocm46930031 </subfield>
  </datafield>
  <datafield tag="040" ind1=" " ind2=" ">
    <subfield code="a">CZL</subfield>
    <subfield code="b">eng</subfield>
    <subfield code="c">CZL</subfield>
    <subfield code="d">OCLCQ</subfield>
    <subfield code="d">DLC</subfield>
    <subfield code="d">OCL</subfield>
    <subfield code="d">DLC</subfield>
    <subfield code="d">CZL</subfield>
    <subfield code="d">OCLCA</subfield>
    <subfield code="d">OCLCQ</subfield>
    <subfield code="d">OCLCA</subfield>
    <subfield code="d">CZL</subfield>
    <subfield code="d">OCLCA</subfield>
    <subfield code="d">CZL</subfield>
    <subfield code="d">OCLCA</subfield>
    <subfield code="d">OCLCF</subfield>
    <subfield code="d">CZL</subfield>
  </datafield>
  <datafield tag="042" ind1=" " ind2=" ">
    <subfield code="a">lccopycat</subfield>
  </datafield>
  <datafield tag="043" ind1=" " ind2=" ">
    <subfield code="a">n-us-ct</subfield>
  </datafield>
  <datafield tag="050" ind1="0" ind2="0">
    <subfield code="a">HV1468.C8</subfield>
    <subfield code="b">C644a</subfield>
  </datafield>
  <datafield tag="110" ind1="2" ind2=" ">
    <subfield code="a">Connecticut Home Care Program for Elders.</subfield>
  </datafield>
  <datafield tag="245" ind1="1" ind2="0">
    <subfield code="a">Annual report on the Connecticut Home Care Program for Elders to the Human Services Committee and the Appropriations Committee of the General Assembly.</subfield>
  </datafield>
  <datafield tag="246" ind1="1" ind2=" ">
    <subfield code="i">Vols. for 1998, SFY 2000- have title:</subfield>
    <subfield code="a">Annual report to the legislature</subfield>
  </datafield>
  <datafield tag="246" ind1="1" ind2=" ">
    <subfield code="i">Vol. for 1999 has title:</subfield>
    <subfield code="a">Annual report</subfield>
  </datafield>
  <datafield tag="246" ind1="3" ind2=" ">
    <subfield code="a">Connecticut Home Care Program for Elders annual report</subfield>
  </datafield>
  <datafield tag="260" ind1=" " ind2=" ">
    <subfield code="a">Hartford :</subfield>
    <subfield code="b">State of Connecticut Dept. of Income Maintenance,</subfield>
    <subfield code="c">[1993]-</subfield>
  </datafield>
  <datafield tag="300" ind1=" " ind2=" ">
    <subfield code="a">volumes ;</subfield>
    <subfield code="c">28 cm</subfield>
  </datafield>
  <datafield tag="310" ind1=" " ind2=" ">
    <subfield code="a">Annual</subfield>
  </datafield>
  <datafield tag="336" ind1=" " ind2=" ">
    <subfield code="a">text</subfield>
    <subfield code="b">txt</subfield>
    <subfield code="2">rdacontent</subfield>
  </datafield>
  <datafield tag="337" ind1=" " ind2=" ">
    <subfield code="a">unmediated</subfield>
    <subfield code="b">n</subfield>
    <subfield code="2">rdamedia</subfield>
  </datafield>
  <datafield tag="338" ind1=" " ind2=" ">
    <subfield code="a">volume</subfield>
    <subfield code="b">nc</subfield>
    <subfield code="2">rdacarrier</subfield>
  </datafield>
  <datafield tag="362" ind1="0" ind2=" ">
    <subfield code="a">June 1993-</subfield>
  </datafield>
  <datafield tag="500" ind1=" " ind2=" ">
    <subfield code="a">&quot; ... in accordance with the provisions of Section 17-314b(h) of the Connecticut General Statutes&quot;--Letter of transmittal, June 1993.</subfield>
  </datafield>
  <datafield tag="500" ind1=" " ind2=" ">
    <subfield code="a">Each volume also has a distinctive title.</subfield>
  </datafield>
  <datafield tag="515" ind1=" " ind2=" ">
    <subfield code="a">Report year ends June 30.</subfield>
  </datafield>
  <datafield tag="530" ind1=" " ind2=" ">
    <subfield code="a">Program information available via the Internet from the agency web site: http://www.ct.gov/dss/cwp/view.asp?a=2353 &amp; q=305170. Follow links from referenced page.</subfield>
  </datafield>
  <datafield tag="550" ind1=" " ind2=" ">
    <subfield code="a">Issued by: Connecticut Dept. of Income Maintenance, 1993; by Dept. of Social Services, 1994-</subfield>
  </datafield>
  <datafield tag="588" ind1=" " ind2=" ">
    <subfield code="a">Latest issue consulted: SFY 2008 (July 2007/June 2008).</subfield>
  </datafield>
  <datafield tag="610" ind1="2" ind2="0">
    <subfield code="a">Connecticut Home Care Program for Elders</subfield>
    <subfield code="v">Periodicals.</subfield>
  </datafield>
  <datafield tag="610" ind1="2" ind2="0">
    <subfield code="a">Connecticut Home Care Program for Elders</subfield>
    <subfield code="v">Statistics</subfield>
    <subfield code="v">Periodicals.</subfield>
  </datafield>
  <datafield tag="610" ind1="2" ind2="7">
    <subfield code="a">Connecticut Home Care Program for Elders.</subfield>
    <subfield code="2">fast</subfield>
    <subfield code="0">(OCoLC)fst00729458</subfield>
  </datafield>
  <datafield tag="650" ind1=" " ind2="0">
    <subfield code="a">Older people</subfield>
    <subfield code="x">Home care</subfield>
    <subfield code="z">Connecticut</subfield>
    <subfield code="x">Finance</subfield>
    <subfield code="v">Periodicals.</subfield>
  </datafield>
  <datafield tag="650" ind1=" " ind2="0">
    <subfield code="a">Medically uninsured persons</subfield>
    <subfield code="x">Home care</subfield>
    <subfield code="z">Connecticut</subfield>
    <subfield code="x">Finance</subfield>
    <subfield code="v">Periodicals.</subfield>
  </datafield>
  <datafield tag="650" ind1=" " ind2="0">
    <subfield code="a">Federal aid to community health services</subfield>
    <subfield code="z">Connecticut</subfield>
    <subfield code="v">Periodicals.</subfield>
  </datafield>
  <datafield tag="650" ind1=" " ind2="0">
    <subfield code="a">Home care services</subfield>
    <subfield code="z">Connecticut</subfield>
    <subfield code="x">Finance</subfield>
    <subfield code="v">Periodicals.</subfield>
  </datafield>
  <datafield tag="650" ind1=" " ind2="7">
    <subfield code="a">Federal aid to community health services.</subfield>
    <subfield code="2">fast</subfield>
    <subfield code="0">(OCoLC)fst00922175</subfield>
  </datafield>
  <datafield tag="650" ind1=" " ind2="7">
    <subfield code="a">Home care services</subfield>
    <subfield code="x">Finance.</subfield>
    <subfield code="2">fast</subfield>
    <subfield code="0">(OCoLC)fst00959129</subfield>
  </datafield>
  <datafield tag="651" ind1=" " ind2="7">
    <subfield code="a">Connecticut.</subfield>
    <subfield code="2">fast</subfield>
    <subfield code="0">(OCoLC)fst01205688</subfield>
  </datafield>
  <datafield tag="655" ind1=" " ind2="7">
    <subfield code="a">Periodicals.</subfield>
    <subfield code="2">fast</subfield>
    <subfield code="0">(OCoLC)fst01411641</subfield>
  </datafield>
  <datafield tag="655" ind1=" " ind2="7">
    <subfield code="a">Statistics.</subfield>
    <subfield code="2">fast</subfield>
    <subfield code="0">(OCoLC)fst01423727</subfield>
  </datafield>
  <datafield tag="710" ind1="1" ind2=" ">
    <subfield code="a">Connecticut.</subfield>
    <subfield code="b">Department of Income Maintenance.</subfield>
  </datafield>
  <datafield tag="710" ind1="1" ind2=" ">
    <subfield code="a">Connecticut.</subfield>
    <subfield code="b">Department of Social Services.</subfield>
  </datafield>
  <datafield tag="710" ind1="1" ind2=" ">
    <subfield code="a">Connecticut.</subfield>
    <subfield code="b">General Assembly.</subfield>
    <subfield code="b">Committee on Appropriations.</subfield>
  </datafield>
  <datafield tag="710" ind1="1" ind2=" ">
    <subfield code="a">Connecticut.</subfield>
    <subfield code="b">General Assembly.</subfield>
    <subfield code="b">Committee on Human Services.</subfield>
  </datafield>
  <datafield tag="850" ind1=" " ind2=" ">
    <subfield code="a">DLC</subfield>
  </datafield>
  <datafield tag="859" ind1="4" ind2="1">
    <subfield code="3">View Online</subfield>
    <subfield code="u">http://cslib.cdmhost.com/digital/collection/p128501coll2/search/searchterm/46930031/field/all/mode/all/conn/all/order/pdidat/ad/desc</subfield>
  </datafield>
  <datafield tag="859" ind1="4" ind2="1">
    <subfield code="3">Current edition</subfield>
    <subfield code="u">https://portal.ct.gov/DSS/Health-And-Home-Care/Connecticut-Home-Care-Program-for-Elders/Connecticut-Home-Care-Program-for-Elders-CHCPE/Documents</subfield>
    <subfield code="z">Follow links from referenced page under CHCPE Annual Report</subfield>
  </datafield>
  <datafield tag="906" ind1=" " ind2=" ">
    <subfield code="a">7</subfield>
    <subfield code="b">cbc</subfield>
    <subfield code="c">serials</subfield>
    <subfield code="d">2</subfield>
    <subfield code="e">ncip</subfield>
    <subfield code="f">20</subfield>
    <subfield code="g">n-oclcserc</subfield>
  </datafield>
  <datafield tag="925" ind1="0" ind2=" ">
    <subfield code="a">acquire</subfield>
    <subfield code="b">1 shelf copy</subfield>
    <subfield code="x">policy default</subfield>
  </datafield>
  <datafield tag="955" ind1=" " ind2=" ">
    <subfield code="a">ng01 2003-01-07 to SRD/CAT</subfield>
    <subfield code="a">da00 2005-04-25 to SERCAT1 copy cat. shelf</subfield>
    <subfield code="c">da06 2005-04-26 to Ser Div. 2005-06-01</subfield>
    <subfield code="e">da61 2005-07-12</subfield>
  </datafield>
</record>