
<record>
  <leader>01529cam a2200301 a 4500</leader>
  <controlfield tag="001">13138950</controlfield>
  <controlfield tag="005">20200102134900.0</controlfield>
  <controlfield tag="008">030327m20019999cou           000 0 eng d</controlfield>
  <datafield tag="906" ind1=" " ind2=" ">
    <subfield code="a">7</subfield>
    <subfield code="b">cbc</subfield>
    <subfield code="c">copycat</subfield>
    <subfield code="d">3</subfield>
    <subfield code="e">ncip</subfield>
    <subfield code="f">20</subfield>
    <subfield code="g">y-gencatlg</subfield>
  </datafield>
  <datafield tag="925" ind1="0" ind2=" ">
    <subfield code="a">acquire</subfield>
    <subfield code="b">2 shelf copies</subfield>
    <subfield code="x">policy default</subfield>
  </datafield>
  <datafield tag="955" ind1=" " ind2=" ">
    <subfield code="a">ps06 2003-03-27 to SSCD</subfield>
    <subfield code="a">sh18 2005-06-23 to HLCD-Anglo</subfield>
    <subfield code="a">pv06 2005-06-27 added book 2 to HLCD</subfield>
    <subfield code="a">ld08 2007-01-22 additional copy received</subfield>
    <subfield code="a">ld08 2007-01-23 additional copy received</subfield>
    <subfield code="c">lk13 2007-04-24</subfield>
    <subfield code="c">lg23 2007-04-30 to subj. (added v. 2)</subfield>
    <subfield code="e">lk13 2007-05-04 to Dewey</subfield>
    <subfield code="e">xj06 2008-11-26 vol. 2 copy 2 to BCCD</subfield>
    <subfield code="a">aa23 2008-12-12</subfield>
    <subfield code="u">rk09 2020-01-02</subfield>
  </datafield>
  <datafield tag="010" ind1=" " ind2=" ">
    <subfield code="a">  2001130786</subfield>
  </datafield>
  <datafield tag="035" ind1=" " ind2=" ">
    <subfield code="a">(OCoLC)ocm48771825</subfield>
  </datafield>
  <datafield tag="040" ind1=" " ind2=" ">
    <subfield code="a">DPL</subfield>
    <subfield code="b">eng</subfield>
    <subfield code="c">DPL</subfield>
    <subfield code="d">DLC</subfield>
    <subfield code="d">DLC</subfield>
  </datafield>
  <datafield tag="042" ind1=" " ind2=" ">
    <subfield code="a">lccopycat</subfield>
  </datafield>
  <datafield tag="020" ind1=" " ind2=" ">
    <subfield code="a">1884238335 (v. 1)</subfield>
  </datafield>
  <datafield tag="020" ind1=" " ind2=" ">
    <subfield code="a">1884238351 (v. 2)</subfield>
  </datafield>
  <datafield tag="050" ind1="0" ind2="0">
    <subfield code="a">CB156</subfield>
    <subfield code="b">.S93 2001</subfield>
  </datafield>
  <datafield tag="082" ind1="0" ind2="0">
    <subfield code="a">001.942</subfield>
    <subfield code="2">22</subfield>
  </datafield>
  <datafield tag="100" ind1="1" ind2=" ">
    <subfield code="a">Summers, Marshall Vian,</subfield>
    <subfield code="d">1949-</subfield>
  </datafield>
  <datafield tag="245" ind1="1" ind2="4">
    <subfield code="a">The allies of humanity /</subfield>
    <subfield code="c">Marshall Vian Summers.</subfield>
  </datafield>
  <datafield tag="260" ind1=" " ind2=" ">
    <subfield code="a">Boulder, CO :</subfield>
    <subfield code="b">Society for the Greater Community Way of Knowledge,</subfield>
    <subfield code="c">c2001-&lt;c2005&gt;</subfield>
  </datafield>
  <datafield tag="300" ind1=" " ind2=" ">
    <subfield code="a">v. &lt;1-2&gt; ;</subfield>
    <subfield code="c">23 cm.</subfield>
  </datafield>
  <datafield tag="505" ind1="1" ind2=" ">
    <subfield code="a">[bk. 1] An urgent message about the extraterrestrial presence in the world today -- bk. 2. Human unity, freedom &amp; the hidden reality of contact : the second set of briefings</subfield>
  </datafield>
  <datafield tag="650" ind1=" " ind2="0">
    <subfield code="a">Civilization</subfield>
    <subfield code="x">Extraterrestrial influences.</subfield>
  </datafield>
  <datafield tag="650" ind1=" " ind2="0">
    <subfield code="a">Extraterrestrial beings.</subfield>
  </datafield>
  <datafield tag="650" ind1=" " ind2="0">
    <subfield code="a">Human-alien encounters.</subfield>
  </datafield>
  <datafield tag="952" ind1=" " ind2=" ">
    <subfield code="a">Complete in 6 vols.?--Cf. Bk. 2, p. 4 of cover: The allies of humanity : sixth briefing.</subfield>
  </datafield>
</record>