
<record>
  <leader>01263cam a22003014a 4500</leader>
  <controlfield tag="001">13321839</controlfield>
  <controlfield tag="005">20200102114829.0</controlfield>
  <controlfield tag="008">030625s2003    ne a     c    000 0 dut  </controlfield>
  <datafield tag="906" ind1=" " ind2=" ">
    <subfield code="a">7</subfield>
    <subfield code="b">cbc</subfield>
    <subfield code="c">origres</subfield>
    <subfield code="d">3</subfield>
    <subfield code="e">ncip</subfield>
    <subfield code="f">20</subfield>
    <subfield code="g">y-gencatlg</subfield>
  </datafield>
  <datafield tag="925" ind1="0" ind2=" ">
    <subfield code="a">acquire</subfield>
    <subfield code="b">1 shelf copy</subfield>
    <subfield code="x">policy default</subfield>
  </datafield>
  <datafield tag="955" ind1=" " ind2=" ">
    <subfield code="a">of10 09-09-03 to ASCD</subfield>
    <subfield code="a">ja00 marcadia 2003-10-14</subfield>
    <subfield code="i">jh34 2003-11-13 to SL</subfield>
    <subfield code="e">jh85 2003-11-18 to BCCD</subfield>
  </datafield>
  <datafield tag="010" ind1=" " ind2=" ">
    <subfield code="a">  2003376255</subfield>
  </datafield>
  <datafield tag="020" ind1=" " ind2=" ">
    <subfield code="a">907724302X</subfield>
  </datafield>
  <datafield tag="035" ind1=" " ind2=" ">
    <subfield code="a">(CaONFCNI)ny0177671</subfield>
  </datafield>
  <datafield tag="040" ind1=" " ind2=" ">
    <subfield code="a">DLC</subfield>
    <subfield code="c">DLC</subfield>
  </datafield>
  <datafield tag="041" ind1="0" ind2=" ">
    <subfield code="a">duteng</subfield>
  </datafield>
  <datafield tag="042" ind1=" " ind2=" ">
    <subfield code="a">pcc</subfield>
  </datafield>
  <datafield tag="043" ind1=" " ind2=" ">
    <subfield code="a">e-ne---</subfield>
  </datafield>
  <datafield tag="050" ind1="0" ind2="0">
    <subfield code="a">ND653.A68</subfield>
    <subfield code="b">A4 2003</subfield>
  </datafield>
  <datafield tag="100" ind1="0" ind2=" ">
    <subfield code="a">Armando,</subfield>
    <subfield code="d">1929-2018.</subfield>
  </datafield>
  <datafield tag="245" ind1="1" ind2="0">
    <subfield code="a">Armando :</subfield>
    <subfield code="b">terugkeer van de kleur =  Armando, the return of colour : Blaue Wolke, Landschaft, Damals, Horizont, Blaue Landschaft, Fluchtversuch /</subfield>
    <subfield code="c">[teksten Rik Vercauteren, Yvonne Ploum ; redactie Trudie Favié].</subfield>
  </datafield>
  <datafield tag="246" ind1="3" ind2="0">
    <subfield code="a">Terugkeer van de kleur</subfield>
  </datafield>
  <datafield tag="260" ind1=" " ind2=" ">
    <subfield code="a">Amersfoort :</subfield>
    <subfield code="b">Armando Museum ;</subfield>
    <subfield code="a">Eindhoven :</subfield>
    <subfield code="b">Galerie Willy Schoots ;</subfield>
    <subfield code="a">Liempde :</subfield>
    <subfield code="b">[distribution], Kempen,</subfield>
    <subfield code="c">c2003.</subfield>
  </datafield>
  <datafield tag="300" ind1=" " ind2=" ">
    <subfield code="a">56 p. :</subfield>
    <subfield code="b">col. ill. ;</subfield>
    <subfield code="c">28 cm.</subfield>
  </datafield>
  <datafield tag="546" ind1=" " ind2=" ">
    <subfield code="a">Text in Dutch and English in parallel columns.</subfield>
  </datafield>
  <datafield tag="600" ind1="0" ind2="0">
    <subfield code="a">Armando,</subfield>
    <subfield code="d">1929-2018</subfield>
    <subfield code="v">Catalogs.</subfield>
  </datafield>
  <datafield tag="650" ind1=" " ind2="0">
    <subfield code="a">Painting, Abstract</subfield>
    <subfield code="z">Netherlands</subfield>
    <subfield code="v">Catalogs.</subfield>
  </datafield>
  <datafield tag="923" ind1=" " ind2=" ">
    <subfield code="d">030819</subfield>
    <subfield code="n">20009008</subfield>
    <subfield code="s">93000177</subfield>
  </datafield>
</record>