
<record>
  <leader>02461cam a2200553 a 4500</leader>
  <controlfield tag="001">13353007</controlfield>
  <controlfield tag="005">20200102171513.0</controlfield>
  <controlfield tag="008">030925s2002    ch c     b    000 0 chi d</controlfield>
  <datafield tag="906" ind1=" " ind2=" ">
    <subfield code="a">7</subfield>
    <subfield code="b">cbc</subfield>
    <subfield code="c">copycat</subfield>
    <subfield code="d">3</subfield>
    <subfield code="e">ncip</subfield>
    <subfield code="f">20</subfield>
    <subfield code="g">y-rlinjack</subfield>
  </datafield>
  <datafield tag="925" ind1="0" ind2=" ">
    <subfield code="a">acquire</subfield>
    <subfield code="b">1 shelf copy</subfield>
    <subfield code="x">policy default</subfield>
  </datafield>
  <datafield tag="955" ind1=" " ind2=" ">
    <subfield code="a">mc01 to RCCD 09-25-03</subfield>
    <subfield code="i">yc05 2008-06-27</subfield>
    <subfield code="e">yc05 2008-06-27 to BCCD</subfield>
  </datafield>
  <datafield tag="010" ind1=" " ind2=" ">
    <subfield code="a">  2003370091</subfield>
  </datafield>
  <datafield tag="020" ind1=" " ind2=" ">
    <subfield code="a">9574570576</subfield>
  </datafield>
  <datafield tag="035" ind1=" " ind2=" ">
    <subfield code="a">(CStRLIN)DCLP03-B14214</subfield>
  </datafield>
  <datafield tag="040" ind1=" " ind2=" ">
    <subfield code="a">HUA</subfield>
    <subfield code="c">HUA</subfield>
    <subfield code="d">DLC-R</subfield>
    <subfield code="d">DLC</subfield>
  </datafield>
  <datafield tag="042" ind1=" " ind2=" ">
    <subfield code="a">lccopycat</subfield>
  </datafield>
  <datafield tag="043" ind1=" " ind2=" ">
    <subfield code="a">a-cc---</subfield>
  </datafield>
  <datafield tag="050" ind1="0" ind2="0">
    <subfield code="a">BQ1119.C6</subfield>
    <subfield code="b">F35 2002</subfield>
  </datafield>
  <datafield tag="066" ind1=" " ind2=" ">
    <subfield code="c">$1</subfield>
  </datafield>
  <datafield tag="100" ind1="1" ind2=" ">
    <subfield code="6">880-01</subfield>
    <subfield code="a">Fang, Guangchang.</subfield>
  </datafield>
  <datafield tag="880" ind1="1" ind2=" ">
    <subfield code="6">100-01/$1</subfield>
    <subfield code="a">方廣錩.</subfield>
  </datafield>
  <datafield tag="245" ind1="1" ind2="0">
    <subfield code="6">880-02</subfield>
    <subfield code="a">Ba -- shi shi ji fo jiao Da  ang jing shi /</subfield>
    <subfield code="c">[Fang Guangchang].</subfield>
  </datafield>
  <datafield tag="880" ind1="1" ind2="0">
    <subfield code="6">245-02/$1</subfield>
    <subfield code="a">八--十世紀佛敎大藏經史 /</subfield>
    <subfield code="c">[方廣錩].</subfield>
  </datafield>
  <datafield tag="246" ind1="3" ind2=" ">
    <subfield code="6">880-03</subfield>
    <subfield code="a">8-10 shi ji fo jiao Da zang jing shi</subfield>
  </datafield>
  <datafield tag="880" ind1="3" ind2=" ">
    <subfield code="6">246-03/$1</subfield>
    <subfield code="a">8-10世紀佛敎大藏經史</subfield>
  </datafield>
  <datafield tag="246" ind1="3" ind2="0">
    <subfield code="6">880-04</subfield>
    <subfield code="a">Fo jiao Da zang jing shi</subfield>
  </datafield>
  <datafield tag="880" ind1="3" ind2="0">
    <subfield code="6">246-04/$1</subfield>
    <subfield code="a">佛敎大藏經史</subfield>
  </datafield>
  <datafield tag="250" ind1=" " ind2=" ">
    <subfield code="6">880-05</subfield>
    <subfield code="a">Chu ban.</subfield>
  </datafield>
  <datafield tag="880" ind1=" " ind2=" ">
    <subfield code="6">250-05/$1</subfield>
    <subfield code="a">初版.</subfield>
  </datafield>
  <datafield tag="260" ind1=" " ind2=" ">
    <subfield code="6">880-06</subfield>
    <subfield code="a">Gaoxiong Xian Dashu Xiang :</subfield>
    <subfield code="b">Fo guang shan wen jiao ji jin hui,</subfield>
    <subfield code="c">2002.</subfield>
  </datafield>
  <datafield tag="880" ind1=" " ind2=" ">
    <subfield code="6">260-06/$1</subfield>
    <subfield code="a">高雄縣大樹鄉 :</subfield>
    <subfield code="b">佛光山文敎基金會,</subfield>
    <subfield code="c">2002.</subfield>
  </datafield>
  <datafield tag="300" ind1=" " ind2=" ">
    <subfield code="a">4, 1, 2, 646 p. :</subfield>
    <subfield code="b">port. ;</subfield>
    <subfield code="c">24 cm.</subfield>
  </datafield>
  <datafield tag="440" ind1=" " ind2="0">
    <subfield code="6">880-07</subfield>
    <subfield code="a">&quot;Fa zang wen ku&quot; shuo bo shi xue wei lun wen</subfield>
  </datafield>
  <datafield tag="880" ind1=" " ind2="0">
    <subfield code="6">440-07/$1</subfield>
    <subfield code="a">法藏文庫碩博士學位論文</subfield>
  </datafield>
  <datafield tag="490" ind1="1" ind2=" ">
    <subfield code="6">880-08</subfield>
    <subfield code="a">Zhongguo fo jiao xue shu lun dian ;</subfield>
    <subfield code="v">52.</subfield>
    <subfield code="a">Zhongguo fo jiao xue shu lun dian. Fo xue shuo, bo shi lun wen. Di 6 ji.</subfield>
  </datafield>
  <datafield tag="880" ind1="1" ind2=" ">
    <subfield code="6">490-08/$1</subfield>
    <subfield code="a">中國佛敎學術論典 ;</subfield>
    <subfield code="v">52.</subfield>
    <subfield code="a">中國佛敎學術論典. 佛學碩, 博士論文. 第六輯.</subfield>
  </datafield>
  <datafield tag="502" ind1=" " ind2=" ">
    <subfield code="6">880-09</subfield>
    <subfield code="a">Thesis (Ph.D.)--Zhongguo she hui ke xue yuan, 1988.</subfield>
  </datafield>
  <datafield tag="880" ind1=" " ind2=" ">
    <subfield code="6">502-09/$1</subfield>
    <subfield code="a">論文 (博士)--中國社會科學院, 1988.</subfield>
  </datafield>
  <datafield tag="504" ind1=" " ind2=" ">
    <subfield code="a">Includes bibliographical references.</subfield>
  </datafield>
  <datafield tag="650" ind1=" " ind2="0">
    <subfield code="a">Buddhism</subfield>
    <subfield code="x">Sacred books</subfield>
    <subfield code="x">History.</subfield>
  </datafield>
  <datafield tag="650" ind1=" " ind2="0">
    <subfield code="a">Buddhism</subfield>
    <subfield code="x">History</subfield>
    <subfield code="y">To ca. 100 A.D.</subfield>
  </datafield>
  <datafield tag="630" ind1="0" ind2="0">
    <subfield code="6">880-10</subfield>
    <subfield code="a">Da zang jing.</subfield>
    <subfield code="x">History.</subfield>
  </datafield>
  <datafield tag="880" ind1="0" ind2="4">
    <subfield code="6">630-10/$1</subfield>
    <subfield code="a">大藏经</subfield>
    <subfield code="x">History.</subfield>
  </datafield>
  <datafield tag="830" ind1=" " ind2="0">
    <subfield code="6">880-11</subfield>
    <subfield code="a">Zhongguo fo jiao xue shu lun dian ;</subfield>
    <subfield code="v">52.</subfield>
  </datafield>
  <datafield tag="880" ind1=" " ind2="0">
    <subfield code="6">830-11/$1</subfield>
    <subfield code="a">中國佛敎學術論典 ;</subfield>
    <subfield code="v">52.</subfield>
  </datafield>
  <datafield tag="830" ind1=" " ind2="0">
    <subfield code="6">880-12</subfield>
    <subfield code="a">Zhongguo fo jiao xue shu lun dian.</subfield>
    <subfield code="p">Fo xue shuo, bo shi lun wen.</subfield>
    <subfield code="n">Di 6 ji.</subfield>
  </datafield>
  <datafield tag="880" ind1=" " ind2="0">
    <subfield code="6">830-12/$1</subfield>
    <subfield code="a">中國佛敎學術論典.</subfield>
    <subfield code="p">佛學碩, 博士論文.</subfield>
    <subfield code="n">第六輯.</subfield>
  </datafield>
  <datafield tag="923" ind1=" " ind2=" ">
    <subfield code="s">SMC</subfield>
  </datafield>
  <datafield tag="985" ind1=" " ind2=" ">
    <subfield code="a">spacingreload</subfield>
  </datafield>
</record>