
<record>
  <leader>02240cam a2200385 i 4500</leader>
  <controlfield tag="001">13657812</controlfield>
  <controlfield tag="005">20200102144431.0</controlfield>
  <controlfield tag="008">040716s1896    ru a     b    001 0 rus  </controlfield>
  <datafield tag="906" ind1=" " ind2=" ">
    <subfield code="a">7</subfield>
    <subfield code="b">cbc</subfield>
    <subfield code="c">premver</subfield>
    <subfield code="d">2</subfield>
    <subfield code="e">ncip</subfield>
    <subfield code="f">19</subfield>
    <subfield code="g">y-gencatlg</subfield>
  </datafield>
  <datafield tag="955" ind1=" " ind2=" ">
    <subfield code="a">input jsta 2004-07-16</subfield>
    <subfield code="i">he07 2019-12-27 NEW INPUT</subfield>
  </datafield>
  <datafield tag="010" ind1=" " ind2=" ">
    <subfield code="a">   32033493 </subfield>
  </datafield>
  <datafield tag="040" ind1=" " ind2=" ">
    <subfield code="a">DLC</subfield>
    <subfield code="b">eng</subfield>
    <subfield code="e">rda</subfield>
    <subfield code="c">DLC</subfield>
    <subfield code="d">DLC</subfield>
  </datafield>
  <datafield tag="042" ind1=" " ind2=" ">
    <subfield code="a">pcc</subfield>
  </datafield>
  <datafield tag="050" ind1="0" ind2="0">
    <subfield code="a">QL463</subfield>
    <subfield code="b">.K5 1896</subfield>
  </datafield>
  <datafield tag="066" ind1=" " ind2=" ">
    <subfield code="c">(N</subfield>
    <subfield code="c">(Q</subfield>
  </datafield>
  <datafield tag="100" ind1="1" ind2=" ">
    <subfield code="6">880-01</subfield>
    <subfield code="a">Kholodkovskiĭ, N. A.</subfield>
    <subfield code="q">(Nikolaĭ Aleksandrovich),</subfield>
    <subfield code="d">1858-1921.</subfield>
  </datafield>
  <datafield tag="880" ind1="1" ind2=" ">
    <subfield code="6">100-01/(N</subfield>
    <subfield code="a">Холодковский, Н. А.</subfield>
    <subfield code="q">(Николай Александрович),</subfield>
    <subfield code="d">1858-1921.</subfield>
  </datafield>
  <datafield tag="245" ind1="1" ind2="0">
    <subfield code="6">880-02</subfield>
    <subfield code="a">Kursʺ ėntomologīi,</subfield>
    <subfield code="b">teoreticheskoĭ i prikladnoĭ.</subfield>
    <subfield code="c">Sostavilʺ N.A. Kholodkovskīĭ.</subfield>
  </datafield>
  <datafield tag="880" ind1="1" ind2="0">
    <subfield code="6">245-02/(N</subfield>
    <subfield code="a">Курсъ энтомологіи,</subfield>
    <subfield code="b">теоретической и прикладной.</subfield>
    <subfield code="c">Составилъ Н.А. Холодковскій.</subfield>
  </datafield>
  <datafield tag="246" ind1="1" ind2=" ">
    <subfield code="6">880-03</subfield>
    <subfield code="i">At head of title:</subfield>
    <subfield code="a">Estestvennai︠a︡ istorīi︠a︡ nasi︠e︡komykhʺ</subfield>
  </datafield>
  <datafield tag="880" ind1="1" ind2=" ">
    <subfield code="6">246-03/(N</subfield>
    <subfield code="i">At head of title:</subfield>
    <subfield code="a">Естественная исторія насѣкомыхъ</subfield>
  </datafield>
  <datafield tag="250" ind1=" " ind2=" ">
    <subfield code="6">880-04</subfield>
    <subfield code="a">Izdanīe vtoroe,</subfield>
    <subfield code="b">pererabotannoe, sʺ 387 politipazhami.</subfield>
  </datafield>
  <datafield tag="880" ind1=" " ind2=" ">
    <subfield code="6">250-04/(N</subfield>
    <subfield code="a">Изданіе второе,</subfield>
    <subfield code="b">переработанное, съ 387 политипажами.</subfield>
  </datafield>
  <datafield tag="264" ind1=" " ind2="1">
    <subfield code="6">880-05</subfield>
    <subfield code="a">S.-Peterburgʺ,</subfield>
    <subfield code="b">Izdanīe. A.F. Devrīena,</subfield>
    <subfield code="c">1896.</subfield>
  </datafield>
  <datafield tag="880" ind1=" " ind2=" ">
    <subfield code="6">264-05/(N</subfield>
    <subfield code="a">С.-Петербургъ,</subfield>
    <subfield code="b">Изданіе. А.Ф. Девріена,</subfield>
    <subfield code="c">1896.</subfield>
  </datafield>
  <datafield tag="264" ind1=" " ind2="3">
    <subfield code="6">880-06</subfield>
    <subfield code="a">S.-Peterburgʺ :</subfield>
    <subfield code="b">Tipografīi︠a︡ Imperatorskoĭ Akademīi naukʺ, Vas Ostr., 9-i︠a︡ lin., No 12</subfield>
  </datafield>
  <datafield tag="880" ind1=" " ind2="3">
    <subfield code="6">264-06/(N</subfield>
    <subfield code="a">С.-Петербургъ :</subfield>
    <subfield code="b">Типографія Императорской Академіи наукъ, Вас Остр., 9-я лин., No 12</subfield>
  </datafield>
  <datafield tag="300" ind1=" " ind2=" ">
    <subfield code="a">x, 627 pages, 1 unnumbered page :</subfield>
    <subfield code="b">illustrations ;</subfield>
    <subfield code="c">25 cm</subfield>
  </datafield>
  <datafield tag="336" ind1=" " ind2=" ">
    <subfield code="a">text</subfield>
    <subfield code="b">txt</subfield>
    <subfield code="2">rdacontent</subfield>
  </datafield>
  <datafield tag="337" ind1=" " ind2=" ">
    <subfield code="a">unmediated</subfield>
    <subfield code="b">n</subfield>
    <subfield code="2">rdamedia</subfield>
  </datafield>
  <datafield tag="338" ind1=" " ind2=" ">
    <subfield code="a">volume</subfield>
    <subfield code="b">nc</subfield>
    <subfield code="2">rdacarrier</subfield>
  </datafield>
  <datafield tag="500" ind1=" " ind2=" ">
    <subfield code="a">Errata and key to abbreviations on last page of text. Publisher&apos;s advertisements on yellow paper covers.</subfield>
  </datafield>
  <datafield tag="504" ind1=" " ind2=" ">
    <subfield code="a">Includes bibliographical references and indexes.</subfield>
  </datafield>
  <datafield tag="650" ind1=" " ind2="0">
    <subfield code="a">Insects.</subfield>
  </datafield>
  <datafield tag="650" ind1=" " ind2="0">
    <subfield code="a">Entomology</subfield>
    <subfield code="x">Study and teaching.</subfield>
  </datafield>
</record>