
<record>
  <leader>01109cam a22002657a 4500</leader>
  <controlfield tag="001">14071599</controlfield>
  <controlfield tag="005">20200102213345.0</controlfield>
  <controlfield tag="008">050811s2005    paua     bc   000 0 eng d</controlfield>
  <datafield tag="906" ind1=" " ind2=" ">
    <subfield code="a">7</subfield>
    <subfield code="b">cbc</subfield>
    <subfield code="c">copycat</subfield>
    <subfield code="d">2</subfield>
    <subfield code="e">epcn</subfield>
    <subfield code="f">20</subfield>
    <subfield code="g">y-gencatlg</subfield>
  </datafield>
  <datafield tag="955" ind1=" " ind2=" ">
    <subfield code="a">pc24  2005-04-01;</subfield>
    <subfield code="a">jh00 2006-03-27;</subfield>
    <subfield code="a">jh32 2006-05-08 z-processor;</subfield>
    <subfield code="i">jh32 2006-05-08/jh12;</subfield>
    <subfield code="e">jh32 2006-05-08 to BCCD</subfield>
  </datafield>
  <datafield tag="010" ind1=" " ind2=" ">
    <subfield code="a">  2005932159</subfield>
  </datafield>
  <datafield tag="020" ind1=" " ind2=" ">
    <subfield code="a">1879636174</subfield>
  </datafield>
  <datafield tag="035" ind1=" " ind2=" ">
    <subfield code="a">(OCoLC)ocm66394325</subfield>
  </datafield>
  <datafield tag="040" ind1=" " ind2=" ">
    <subfield code="a">CGU</subfield>
    <subfield code="c">CGU</subfield>
    <subfield code="d">DLC</subfield>
  </datafield>
  <datafield tag="042" ind1=" " ind2=" ">
    <subfield code="a">lccopycat</subfield>
  </datafield>
  <datafield tag="050" ind1="0" ind2="0">
    <subfield code="a">N6537.K36</subfield>
    <subfield code="b">A4 2005</subfield>
  </datafield>
  <datafield tag="100" ind1="1" ind2=" ">
    <subfield code="a">Keene, Paul F.,</subfield>
    <subfield code="c">Jr.,</subfield>
    <subfield code="d">1920-</subfield>
  </datafield>
  <datafield tag="245" ind1="1" ind2="0">
    <subfield code="a">Paul Keene :</subfield>
    <subfield code="b">his art and his legacy /</subfield>
    <subfield code="c">exhibition and catalogue prepared by Curlee Raven Holton.</subfield>
  </datafield>
  <datafield tag="260" ind1=" " ind2=" ">
    <subfield code="a">Bucks County, Pa. :</subfield>
    <subfield code="b">James A. Michener Art Museum,</subfield>
    <subfield code="c">c2005.</subfield>
  </datafield>
  <datafield tag="300" ind1=" " ind2=" ">
    <subfield code="a">80 p. :</subfield>
    <subfield code="b">ill. (some col.) ;</subfield>
    <subfield code="c">22 x 28 cm.</subfield>
  </datafield>
  <datafield tag="500" ind1=" " ind2=" ">
    <subfield code="a">Catalog of an exhibition held at the James A. Michener Art Museum, Bucks County, Pa., Oct. 1-Dec. 31, 2005.</subfield>
  </datafield>
  <datafield tag="504" ind1=" " ind2=" ">
    <subfield code="a">Includes bibliographical references.</subfield>
  </datafield>
  <datafield tag="600" ind1="1" ind2="0">
    <subfield code="a">Keene, Paul F.,</subfield>
    <subfield code="c">Jr.,</subfield>
    <subfield code="d">1920-</subfield>
    <subfield code="v">Exhibitions.</subfield>
  </datafield>
  <datafield tag="700" ind1="1" ind2=" ">
    <subfield code="a">Holton, Curlee Raven.</subfield>
  </datafield>
  <datafield tag="710" ind1="2" ind2=" ">
    <subfield code="a">James A. Michener Art Museum.</subfield>
  </datafield>
</record>
</collection>
